1226 1935
272 67 333 101 DE
357 72 464 104 NAT.
489 70 626 103 DEOR.
652 71 730 102 Lm.
748 72 775 102 Ι.
793 71 878 103 ΟΛΡ.
900 70 986 115 1453
997 72 1061 108 307

174 169 226 190 eus
240 160 429 200 appellatur;
454 158 508 200 qui
527 167 650 189 omnem
670 158 732 189 vim
748 158 882 189 divinam
899 158 930 189 in
950 159 1062 189 natura

174 202 263 232 sitam
289 213 350 233 esse
375 208 484 239 censet,
510 211 579 242 quae
605 212 708 232 causas
734 202 1063 242 gignencli,'3a11gendi‚

174 245 343 282 minuendi,
359 245 479 281 habeat,
497 245 547 275 sed
563 251 660 275 careat
675 245 759 274 omni
774 255 861 275 sensu
878 251 907 275 et
922 246 1030 286 figura.

218 289 312 319 XIV.
337 289 419 318 Zeno
434 293 536 318 autem
553 290 601 321 (ut
613 289 678 326 jam
693 287 732 317 ad
748 294 870 324 vestros,
887 288 995 326 Balbe,
1014 299 1065 319 ve-

175 332 273 368 niam)
290 332 458 361 naturalem
474 331 572 371 legem
588 331 723 360 divinam
736 340 798 360 esse
813 337 922 367 censet,
936 341 1066 372 eamque

174 375 238 406 vim
248 374 381 404 obtinere
391 380 470 404 recta
484 374 695 414 imperantem,
712 373 983 414 prohibentemque
993 385 1065 404 con-

175 417 288 448 traria:
313 427 407 457 quam
430 417 529 456 legem
554 416 708 457 quomodo
732 416 839 446 efficiat
863 417 1063 453 animantem,

174 460 344 500 intelligere
359 470 419 490 non
434 469 605 500 possumus.
638 458 742 489 Deum
758 466 860 489 autem
875 459 1064 490 animantem

176 509 254 534 certe
270 503 411 533 volumus
427 513 497 532 esse.
520 502 628 542 Atque
642 501 692 532 hic
706 502 788 532 idem
804 502 863 532 alio
878 503 943 532 loco
955 503 1068 533 aethera

176 546 281 576 Deum
302 546 385 584 dicit,
407 545 431 576 si
451 545 580 585 intelligi
601 550 699 585 potest
718 545 795 575 nihil
816 545 946 575 sentiens
966 546 1064 585 Deus,

175 589 229 630 qui
244 598 403 629 nunquam
418 588 504 618 nobis
522 588 650 618 occurrit
671 597 769 629 neque
789 588 821 617 in
840 588 990 628 precibus,
1013 598 1067 619 ne-

175 643 234 673 que
249 632 280 662 in
296 631 416 672 optatis,
433 641 531 672 neque
546 631 577 661 in
593 631 678 661 votis.
702 631 784 661 Aliis
799 637 901 661 autem
918 632 1002 661 libris
1018 642 1066 661 ra-

176 675 289 706 tionem
301 674 478 716 quamdam,
495 684 548 715 per
563 683 686 704 omnem
698 680 840 704 naturam
856 684 957 704 rerum
972 675 1066 715 pertin

174 724 309 755 nentem,
339 716 390 756 [ut
415 717 566 758 divinam]
589 727 651 747 esse
678 717 815 747 affectam
841 723 939 757 putat.
975 718 1065 748 Idem

173 761 260 792 astris
274 760 331 791 hoc
345 760 426 790 idem
446 760 562 799 tribuit,
579 766 646 790 tum
664 760 762 796 annis,
786 760 952 795 mensibus,
969 770 1065 792 anno-

174 814 305 853 rumque
324 803 553 834 mutationibus.
589 803 670 833 Cum
692 813 762 833 vero
778 803 906 833 Hesiodi
921 803 1064 844 Theogo-

172 847 256 877 niam
271 847 494 895 interpretatur,
516 846 595 876 tollit
615 846 740 876 omnino
755 846 880 876 usitatas
894 853 1064 887 perceptas-

170 901 231 931 que
243 890 426 930 cognitiones
438 890 585 919 Deorum.
610 889 722 930 Neque
738 889 819 919 enim
829 889 850 919 J
854 900 952 926 ovem,
964 899 1064 930 neque

171 934 195 963 J
198 943 341 970 unonem,
358 943 456 973 neque
468 932 607 968 Vestam,
624 942 723 973 neque
744 942 932 973 quemquam
949 933 1002 973 qui
1023 933 1067 963 ita

172 976 352 1017 appelletur,
377 975 409 1005 in
434 976 572 1006 Deorum
598 975 689 1005 habet
714 985 861 1005 numero:
896 975 947 1005 sed
974 977 1064 1006 rebus

172 1019 313 1049 inanimis
329 1025 420 1059 atque
435 1019 539 1056 mutis,
553 1029 606 1059 per
618 1018 785 1059 quamdam
801 1018 1064 1058 significationem,

170 1062 235 1092 haec
250 1062 335 1092 docet
350 1062 464 1092 tributa
478 1062 613 1091 nomina.

213 1105 310 1144 Cujus
326 1105 465 1145 discipuli
480 1104 633 1135 Aristonis
649 1114 709 1135 non
726 1104 828 1135 minus
842 1115 955 1146 magno
971 1105 1002 1135 in
1019 1115 1067 1135 er-

170 1158 237 1179 rore
259 1148 405 1178 sententia
425 1153 488 1183 est3
513 1148 566 1196 qui
587 1158 686 1188 neque
707 1148 838 1178 formam
854 1148 915 1178 Dei
935 1149 1064 1188 intelligi

171 1201 257 1232 posse
273 1198 401 1228 censeat,
418 1200 516 1231 neque
536 1191 568 1220 in
585 1190 654 1220 Diis
675 1201 797 1221 sensum
818 1202 880 1221 esse
901 1191 991 1229 dicat,
1008 1192 1067 1221 du-

168 1234 304 1275 bitetque
319 1234 454 1271 omnino,
472 1234 557 1264 Deus
573 1234 723 1271 animans,
741 1244 846 1271 necne,
864 1235 911 1264 sit.

214 1278 375 1308 Cleanthes
391 1282 504 1315 autem,
521 1277 575 1317 qui
595 1277 752 1307 Zenonem
773 1277 889 1307 audivit
909 1277 973 1308 una
993 1288 1065 1308 cum

173 1330 207 1351 eo
229 1331 320 1361 quem
345 1320 484 1361 proxime
507 1320 674 1357 nominavi,
700 1326 767 1350 tum
788 1320 889 1361 ipsum
910 1321 1064 1351 mundum

172 1363 276 1393 Deum
299 1363 371 1393 dicit
397 1373 482 1399 esse3
507 1368 571 1393 tum
598 1363 690 1393 totius
714 1370 831 1393 naturae
854 1364 950 1394 menti
974 1370 1067 1404 atque

172 1406 275 1437 animo
290 1406 396 1436 tribuit
410 1406 467 1436 hoc
482 1416 613 1436 nomenz
637 1412 705 1436 tum
726 1407 883 1445 ultimum,
907 1413 936 1437 et
955 1407 1066 1437 altissi-

172 1459 272 1487 mum,
298 1455 390 1490 atque
413 1449 549 1490 undique
573 1449 802 1487 circumfusum,
827 1456 857 1480 et
880 1456 1064 1487 extremum,

171 1493 275 1523 omnia
297 1493 467 1532 cingentem
491 1498 583 1533 atque
607 1493 813 1533 complexum,
836 1493 985 1529 ardorem,
1012 1493 1066 1533 qui

173 1535 266 1565 aether
280 1536 464 1573 nominetur,
481 1535 680 1565 certissimum
694 1536 797 1565 Deum
811 1535 937 1575 judicat.
962 1535 1066 1565 Idem-

172 1589 244 1619 que,
267 1579 353 1619 quasi
368 1578 509 1616 delirans,
525 1578 557 1608 in
573 1579 609 1608 iis
628 1579 713 1608 libris
729 1589 805 1619 quos
827 1579 943 1619 scripsit
963 1584 1068 1609 contra

174 1621 373 1662 voluptatem,
390 1627 457 1651 tum
473 1621 562 1661 fingit
576 1621 706 1652 formam
717 1621 883 1662 quamdam
896 1627 925 1652 et
935 1621 1066 1662 speciem

173 1663 324 1700 Deorum,
340 1670 407 1694 tum
422 1664 611 1694 divinitatem
627 1675 749 1694 omnem
765 1665 872 1694 tribuit
883 1664 981 1700 astris,
998 1671 1065 1694 tum

172 1707 250 1737 nihil
261 1707 375 1737 ratione
387 1713 485 1737 censet
501 1718 562 1737 esse
577 1707 718 1738 divinius.
743 1708 792 1737 Ita
804 1707 849 1744 fit,
860 1714 895 1737 ut
907 1708 993 1738 Deus
1002 1707 1065 1743 ille,

174 1760 266 1791 quem
282 1756 382 1782 mente
394 1750 557 1790 noscimus,
570 1756 661 1792 atque
681 1751 713 1782 in
728 1751 823 1782 animi
838 1751 970 1790 notione,
988 1756 1068 1781 tam-
