1226 1935
226 96 348 129 TUSC.
365 95 538 135 QUAEST.
556 95 634 126 L113.
648 94 707 126 IV.
725 94 808 126 CAP.
825 97 877 133 29.
936 95 996 126 241

108 181 286 222 placatione,
303 182 445 213 abluatur
458 181 512 211 illa
520 181 656 222 quidem,
673 191 743 212 cum
753 181 869 220 doceas,
882 191 937 212 nec
948 182 1002 212 bo-

108 234 184 255 num
200 225 277 256 illud
292 235 364 262 esse,
382 235 419 255 ex
435 234 496 265 quo
510 224 614 254 laetitia
625 230 678 254 aut
689 224 783 254 libido
795 225 928 260 oriatur3
946 234 1002 255 nec

108 268 238 305 malum,
261 279 299 298 ex
314 278 375 309 quo
390 274 443 298 aut
457 272 556 297 metus
571 272 623 297 aut
638 267 795 307 aegritudo.
835 267 1000 298 Verumta-

108 319 179 341 men
195 311 259 342 haec
275 316 318 342 est
333 317 412 341 certa
427 316 456 340 et
470 310 591 351 propria
605 310 731 346 sanatio,
748 310 772 339 si
787 309 904 347 doceas,
921 310 1001 350 ipsas

108 354 347 393 perturbationes
365 364 419 395 per
440 363 470 383 se
490 363 551 383 esse
570 353 701 391 vitiosas,
718 362 772 382 nec
786 353 896 383 habere
911 353 1001 394 quid-

108 406 203 436 quam
219 403 272 427 aut
286 396 424 426 naturale
439 401 492 426 aut
507 395 705 426 necessarium
719 406 727 431 ;
752 402 786 425 ut
801 395 897 436 ipsam
914 396 1001 435 aegri-

110 439 247 469 tudinem
262 439 350 470 leniri
365 439 514 474 videmus,
538 449 608 468 cum
630 438 790 478 objicimus
805 439 1001 469 moerentibus

108 481 346 512 imbecillitatem
362 482 456 512 animi
468 481 632 511 effeminati
644 492 653 517 ;
671 491 802 522 cumque
815 491 919 511 eorum
931 491 1001 522 gra-

109 524 233 555 vitatem
257 525 516 565 constantiamque
538 524 711 560 laudamus,
732 524 785 564 qui
809 534 869 554 non
894 525 1001 554 turbu-

109 566 190 597 lente
200 568 336 598 humana
346 568 518 608 patiantur:
537 567 619 608 quod
634 566 758 608 quidem
771 567 845 597 solet
857 567 897 597 eis
909 567 1001 597 etiam

109 610 252 648 accidere,
277 611 330 652 qui
350 611 403 640 illa
418 610 500 640 mala
515 620 577 640 esse
593 616 723 647 censent,
748 610 872 640 ferenda
898 616 1001 640 tamen

110 663 198 694 aequo
217 654 320 684 animo
339 654 532 684 arbitrantur.
567 653 659 682 Putat
680 653 800 694 aliquis,
817 663 879 684 esse
894 653 1002 694 volup-

109 701 202 726 tatem
219 698 333 727 bonum
346 708 355 733 ;
372 697 448 727 alius
463 703 577 733 autem,
591 696 750 736 pecuniam
763 707 771 726 ε
789 703 891 726 tamen
907 701 936 726 et
950 696 1002 727 ille

109 740 148 769 ab
164 739 408 780 intemperantia,
428 745 458 770 et
477 739 526 769 hic
546 740 584 769 ab
605 739 740 775 avaritia,
762 739 879 769 avocari
893 744 1000 780 potest.

112 782 172 812 Illa
192 789 294 812 autem
316 783 409 813 altera
428 782 504 812 ratio
525 788 554 811 et
573 782 677 819 oratio,
700 792 768 822 quae
784 781 875 811 simul
893 788 922 812 et
936 782 1001 823 opi-

110 825 232 855 nionem
247 825 354 856 falsam
371 825 459 863 tollit,
483 831 513 855 et
527 825 736 865 aegritudinem
752 825 892 862 detrahit,
909 831 952 855 est
967 836 1003 855 ea

111 868 235 908 quidem
262 867 445 909 [subtilior,]
470 868 521 898 sed
545 878 611 898 raro
626 868 766 908 proficit;
792 877 890 909 neque
905 874 949 898 est
963 868 1003 898 ad

111 911 222 951 vulgus
238 911 417 941 adhibenda.

155 954 306 991 Quaedam
322 960 423 985 autem
440 959 510 984 sunt
525 953 729 994 aegn'tudines,
746 964 822 994 quas
836 953 935 984 levare
949 953 1003 984 illa

111 997 262 1027 medicina
275 997 360 1028 nullo
381 997 471 1027 modo
491 997 603 1037 possit3
628 1003 662 1026 ut
683 997 707 1027 si
729 997 796 1037 quis
816 1007 894 1036 aegre
915 997 1002 1034 ferat,

111 1039 188 1069 nihil
203 1040 234 1070 in
250 1051 281 1071 se
296 1051 357 1071 esse
369 1040 498 1075 virtutis,
512 1039 589 1069 nihil
601 1040 707 1077 animi,
724 1039 800 1069 nihil
812 1040 913 1077 officii,
926 1040 1003 1070 nihil

112 1082 295 1119 honestatis;
324 1090 446 1124 propter
468 1083 551 1113 mala
576 1083 600 1113 is
627 1082 751 1123 quidem
778 1089 927 1122 angatur3
951 1083 1004 1113 sed

113 1125 172 1156 alia
193 1127 333 1167 quaedam
348 1127 386 1157 sit
401 1127 439 1156 ad
455 1137 525 1157 eum
541 1125 730 1156 admovenda
744 1126 870 1163 curatio,
892 1132 921 1156 et
936 1126 1004 1157 talis

114 1169 250 1209 quidem,
273 1181 342 1211 quae
356 1170 450 1210 possit
465 1180 526 1200 esse
545 1169 696 1206 omnium,
721 1169 812 1199 etiam
833 1169 871 1199 de
891 1169 1004 1199 caeteris

114 1213 204 1242 rebus
227 1213 472 1254 discrepantium,
496 1212 755 1253 philosophorum.
791 1212 876 1242 Inter
900 1222 1004 1243 omnes

114 1255 195 1284 enim
217 1257 374 1286 convenire
393 1262 520 1296 oportet,
544 1255 759 1286 commotiones
779 1255 963 1293 animorum,
987 1266 1006 1286 a

115 1298 195 1328 recta
216 1299 330 1329 ratione
345 1310 473 1337 aversas,
490 1309 552 1329 esse
567 1299 697 1336 vitiosas,
714 1304 760 1335 ut,
777 1298 868 1328 etiam
884 1298 908 1328 si
923 1298 1006 1329 mala

115 1340 175 1370 sint
200 1341 263 1379 illa,
290 1353 358 1382 quae
383 1348 501 1372 metum
528 1341 796 1382 aegritudinemve3
820 1342 911 1378 bona,
935 1351 1005 1382 quae

116 1384 313 1425 cupiditatem
332 1385 517 1423 laetitiamve,
540 1390 702 1433 moveant3
727 1390 828 1414 tamen
845 1384 883 1414 sit
900 1384 1006 1414 vitiosa

116 1427 182 1467 ipsa
202 1428 371 1458 commotio.
404 1428 600 1459 Constantem
625 1428 707 1457 enim
731 1427 896 1468 quemdam
920 1427 1006 1457 volu-

116 1479 198 1507 mus,
214 1470 363 1509 sedatum,
379 1481 512 1511 gravem,
528 1471 664 1500 humana
681 1471 785 1500 omnia
803 1479 1004 1510 prementem,

116 1512 206 1543 illum
225 1524 298 1551 esse,
322 1524 414 1555 quem
429 1514 661 1555 magnanimum
677 1520 706 1544 et
721 1513 829 1543 fortem
845 1513 945 1544 virum
961 1512 1008 1542 di-

117 1556 223 1587 cimus.
247 1556 334 1587 Talis
348 1563 451 1588 autem
461 1567 516 1587 nec
531 1567 671 1594 moerens,
684 1567 739 1587 nec
751 1557 871 1594 timens,
888 1566 942 1586 nec
953 1566 1006 1586 cu-

116 1599 213 1640 piens,
238 1609 293 1630 nec
318 1600 457 1640 gestiens,
481 1611 543 1631 esse
565 1600 728 1641 quisquam
753 1605 871 1640 potest·
901 1609 1006 1629 eorum

118 1642 200 1672 enim
226 1642 290 1673 haec
315 1649 396 1682 sunt,
424 1643 477 1685 qui
506 1649 630 1675 eventus
658 1643 809 1674 humanos
839 1641 1007 1682 superiores

118 1695 212 1726 quam
227 1696 296 1716 suos
311 1686 427 1717 animos
441 1697 504 1717 esse
517 1686 641 1717 ducunt.

161 1728 290 1759 XXIX.
315 1729 419 1768 Quare
442 1729 580 1760 omnium
601 1729 740 1771 philosop
740 1728 851 1759 horum
867 1730 915 1761 (ut
936 1733 1008 1757 ante

118 1771 196 1808 dixi)
218 1781 279 1802 una
298 1772 374 1803 ratio
393 1779 438 1810 est
451 1772 603 1812 medendi,
619 1778 654 1803 ut
668 1771 756 1809 nihil,
773 1771 862 1813 quale
878 1770 916 1802 sit
929 1770 1007 1801 illud

161 1815 310 1855 (Philas.)
327 1823 747 1848 VOL.111.Y
