1226 1935
238 83 304 113 3¹42
349 80 410 112 DE
434 80 543 112 NAT.
560 79 698 112 DEOR.
723 79 803 111 Lm.
821 80 868 111 ΙΙ.
891 79 975 112 ΟΑΡ.
993 82 1023 112 4.

242 168 370 205 sulibus,
387 178 432 198 res
447 168 513 209 ipsa
527 167 685 209 probavit:
710 177 786 208 quos
807 177 877 197 cum
893 167 944 198 Ti.
962 167 1130 207 Gracchus,

242 212 347 241 consul
368 212 489 247 iterum,
511 217 663 245 recrearet,
686 211 803 251 primus
818 216 1002 250 rogatorum,
1026 217 1061 240 ut
1080 223 1131 243 eos

243 254 357 291 retulit,
374 254 486 284 ibidem
503 260 547 284 est
562 260 683 294 repente
703 259 850 283 mortuus.
884 253 1038 284 Gracchus
1059 265 1130 285 cum

244 297 367 327 comitia
381 297 580 327 nihilominus
595 297 766 337 peregisset,
781 307 904 337 remque
919 296 1003 326 illam
1016 297 1046 326 in
1063 298 1132 327 reli-

244 340 366 380 gionem
382 341 495 380 populo
516 340 629 370 venisse
651 340 782 376 sentiret,
805 340 843 369 ad
862 347 999 369 senatum
1018 341 1130 371 retulit.

245 385 385 420 Senatus,
403 394 477 424 quos
498 383 535 412 ad
557 383 674 419 soleret,
696 383 887 412 referendum
908 382 1032 412 censuit.
1066 383 1133 413 Ha-

244 426 387 466 ruspices,
405 426 578 463 introducti,
595 425 823 466 responderunt,
837 435 895 455 non
909 425 1000 455 fuisse
1012 426 1131 464 justum

245 469 436 499 comitiorum
452 475 630 509 rogatorem.
663 468 749 498 Tum
766 468 931 503 Gracchus„
949 472 997 501 (ut
1017 479 1032 498 e
1048 476 1132 509 patre

243 512 418 548 audiebam)
440 512 578 542 incensus
598 512 654 548 ira,
679 512 765 541 Itane
785 513 877 541 vero?
902 511 970 551 Ego
989 521 1049 541 non
1067 513 1134 551 jus-

244 560 304 592 tus,
327 555 380 595 qui
403 561 432 584 et
455 555 559 585 consul
585 555 698 594 rogavi,
722 560 751 584 et
772 565 881 594 augur,
903 560 932 584 et
953 554 1131 595 auspicato?

244 598 299 628 An
316 609 379 634 vos,
402 598 496 627 Tusci
513 608 546 627 ac
566 598 697 635 barbari,
720 597 922 637 auspiciorum
943 597 1048 637 populi
1069 598 1134 628 Ro-

245 641 329 671 mani
339 642 389 679 jus
405 641 520 677 tenetis,
532 647 561 671 et
570 641 745 681 interpretes
761 650 822 670 esse
837 640 1027 670 comitiorum
1037 646 1136 681 potes-

246 684 310 714 tis?
336 684 444 724 ltaque
469 690 535 713 tum
556 684 623 714 illos
644 683 725 713 exire
746 683 845 722 jussit.
881 683 954 713 Post
975 689 1077 713 autem
1096 694 1134 714 ex

246 727 401 767 provincia
416 727 516 757 literas
532 727 570 756 ad
585 726 746 767 coUegium
766 726 859 762 misit7
877 736 918 763 se,
935 736 1004 756 cum
1023 727 1135 767 legeret

246 770 350 807 libros,
367 770 556 800 recordatum
572 780 644 805 esse,
662 770 733 799 vitio
749 769 804 799 sibi
820 770 1048 799 tabernaculum
1064 780 1134 810 cap-

246 819 315 843 tum
339 813 430 843 fuisse
454 813 486 842 in
506 813 599 843 hortis
621 812 788 853 Scipioni33
812 812 906 853 quod,
928 822 998 842 cum
1019 823 1135 853 pomoe-

246 856 328 886 rium
343 863 447 896 postea
461 856 611 892 intrasset,
627 856 759 885 habendi
775 858 892 885 senatus
904 855 1005 891 causa,
1019 856 1050 885 in
1066 856 1134 886 red-

247 899 358 935 eundo,
387 910 458 929 cum
490 899 571 929 idem
602 899 782 939 pomoerium
809 898 958 935 transiret,
989 898 1138 939 auspicari

246 948 322 972 esset
337 943 468 972 oblitus:
493 943 596 983 itaque
611 942 683 972 vitio
695 948 806 972 creatos
816 942 952 972 consules
967 951 1037 971 esse.
1065 942 1135 971 Au-

246 996 336 1025 gures
352 996 415 1015 rem
431 985 469 1015 ad
491 992 649 1020 senatuum
674 991 804 1021 senatus7
823 991 856 1014 ut
876 985 1049 1014 abdicarent
1064 995 1136 1015 con-

247 1029 346 1064 sules3
372 1029 594 1059 abdicaverunt.
628 1028 708 1066 Quae
729 1028 892 1069 quaerimus
909 1028 1048 1068 exempla
1069 1038 1135 1058 ma-

243 1072 335 1111 jora?
360 1072 404 1101 vir
416 1072 663 1112 sapientissimus,
675 1078 765 1112 atque
777 1071 859 1101 haud
875 1071 934 1100 scio
944 1080 982 1100 an
995 1071 1134 1101 omnium

245 1115 520 1155 praestantissimus⁷
538 1120 693 1155 peccatum
709 1125 810 1151 suuni,
825 1114 906 1154 quod
922 1114 1010 1143 celari
1025 1120 1134 1154 posset,

247 1158 381 1188 confiteri
401 1158 520 1195 maluit,
545 1168 638 1198 quam
658 1158 770 1188 haerere
791 1157 822 1187 in
842 1156 997 1196 republica
1017 1157 1136 1197 religio-

246 1210 336 1230 nem:
363 1202 498 1231 consules
514 1211 670 1231 summum
685 1200 847 1241 imperium
860 1199 961 1229 statim
976 1199 1135 1240 deponere,

247 1254 341 1284 quam
357 1244 387 1273 id
404 1250 502 1274 tenere
517 1250 666 1285 punctum
679 1243 822 1285 temporis
834 1248 937 1274 contra
948 1243 1134 1283 religionem.

247 1286 367 1327 Magna
382 1297 534 1327 augurum
550 1287 719 1317 auctoritas.

289 1330 397 1368 Quid?
418 1330 614 1370 haruspicum
630 1341 676 1361 ars
692 1340 792 1361 nonne
806 1330 930 1361 divina?
953 1330 1030 1361 Haec
1045 1330 1135 1362 innu-

245 1374 404 1403 merabilia
419 1384 455 1403 ex
469 1373 573 1404 eodem
589 1384 697 1413 genere
712 1374 765 1415 qui
778 1373 887 1411 videat,
900 1383 999 1404 nonne
1011 1380 1135 1414 cogatur

246 1416 380 1446 confiteri
388 1417 470 1446 Deos
479 1427 540 1447 esse
549 1419 562 1447 ?
577 1417 719 1454 Quorum
727 1417 807 1447 enim
816 1417 991 1457 interpretes
999 1423 1078 1454 sunt,
1087 1427 1136 1448 eos

244 1459 325 1499 ipsos
335 1470 397 1489 esse
407 1466 484 1489 certe
494 1470 610 1490 necesse
622 1466 675 1490 est.
699 1460 837 1490 Deorum
849 1466 950 1490 autem
962 1460 1138 1501 interpretes

246 1508 335 1532 sunt:
350 1502 431 1532 Deos
441 1503 535 1543 igitur
544 1514 605 1533 esse
613 1503 771 1533 fateamur.
785 1503 831 1533 At
837 1502 960 1533 fortasse
966 1513 1026 1532 non
1037 1503 1139 1534 omnia

246 1545 399 1581 eveniunt,
414 1556 482 1586 quae
497 1546 639 1586 praedicta
654 1552 732 1576 sunt.
758 1547 789 1576 N
793 1557 819 1583 e,
836 1546 908 1586 aegri
924 1545 1046 1586 quidem
1063 1547 1136 1587 quia

246 1597 306 1617 non
323 1598 426 1618 omnes
449 1589 670 1626 convalescunt,
688 1589 797 1619 idcirco
817 1599 864 1618 ars
885 1589 970 1619 nulla
985 1589 1135 1620 medicina

247 1637 299 1660 est.
328 1631 422 1671 Signa
436 1632 635 1662 ostenduntur
650 1643 668 1662 a
683 1632 752 1662 Diis
767 1642 868 1662 rerum
885 1632 1066 1661 futurarum.
1096 1633 1135 1663 In

246 1674 293 1703 his
315 1674 338 1703 si
354 1675 407 1714 qui
429 1681 611 1711 erraverunt,
634 1685 693 1704 non
710 1675 847 1705 Deorum
869 1681 987 1711 natura,
1010 1675 1061 1704 sed
1081 1675 1136 1705 ho-

246 1716 366 1746 minum
383 1719 564 1757 conjectura,
578 1719 719 1758 peccavit.
746 1719 854 1759 Itaque
866 1717 942 1747 inter
954 1727 1058 1748 omnes
1070 1729 1136 1748 om-

244 1759 333 1790 nium
358 1761 496 1801 gentium
519 1760 699 1803 [sententia]
723 1766 850 1800 constat,
874 1761 1030 1796 (omnibus
1056 1761 1144 1792 enim*
