1226 1935
201 78 263 111 DE
286 76 395 111 NAT.
412 76 549 110 DEOR.
576 76 655 108 Lm.
675 77 721 109 11.
745 78 830 110 CAr.
846 80 877 110 5.
921 78 985 112 343

91 166 231 197 innatum
254 171 309 204 est,
333 170 363 196 et
387 165 419 195 in
446 165 549 195 animo
576 164 663 206 quasi
691 165 891 206 insculptum)
918 176 982 198 esse

92 209 182 240 Deos.

134 252 175 283 V.
199 251 313 290 Quales
337 251 406 289 sint,
431 250 549 281 varium
574 256 638 280 est:
663 260 736 287 esse,
761 261 851 281 nemo
875 259 977 293 negat.

93 295 253 327 Cleanthes
269 293 393 335 quidem
408 299 507 323 noster
527 299 656 334 quatuor
677 293 714 324 de
733 294 828 324 causis
849 295 927 325 dixit
947 296 979 325 in

92 338 201 368 animis
220 337 380 367 hominum
400 336 576 366 informatas
592 336 729 366 Deorum
751 347 812 367 esse
833 338 978 368 notiones.

94 381 231 411 Primam
257 379 357 421 posuit
377 390 456 417 eam,
478 379 515 409 de
535 379 597 420 quii
617 379 707 409 modo
728 379 803 417 dixi,
825 391 895 421 quae
915 386 981 411 orta

92 430 168 454 esset
197 433 233 453 ex
262 423 460 464 praesensione
489 432 590 452 rerum
620 422 813 452 futurarum:
839 423 977 461 alteram,

91 477 185 508 quam
201 466 367 506 ceperimus
383 476 419 495 ex
435 465 645 505 magnitudine
657 466 898 503 commodorum,
911 477 981 507 quae

91 509 299 551 percipiuntur
327 508 393 538 coeli
419 508 645 549 temperatione,
676 508 859 539 fecunditate
889 515 981 539 terra-

92 563 174 591 rum,
200 552 390 592 aliarumque
420 551 671 581 commoditatum
696 552 900 592 complurium
930 563 981 583 co-

92 595 162 636 pia:
188 595 319 632 tertiam,
336 605 405 634 quae
420 600 541 624 terreret
556 594 673 624 animos
691 594 883 631 fulminibus,
903 601 982 626 tem-

92 638 269 679 pestatibus,
292 637 414 674 nimbis,
438 637 569 675 nivibus,
593 637 802 677 grandinibus,
831 638 980 676 vastitate,

93 681 275 722 pestilentia,
292 687 378 710 terrae
392 680 536 717 motibus,
556 686 586 710 et
605 691 683 721 saepe
704 680 884 719 fremitibus,
904 681 981 722 lapi-

93 724 216 765 deisque
230 724 389 761 imbribus,
407 729 436 753 et
450 723 544 764 guttis
559 723 705 753 imbrium
725 724 811 764 quasi
826 725 979 761 cruentis;

91 773 159 798 tum
185 767 348 807 lapidibus,
376 773 429 796 aut
459 766 621 806 repentinis
647 772 795 797 terrarum
824 767 978 804 hiatibus3

91 816 170 846 tum,
192 816 299 850 praeter
321 815 473 846 naturam,
495 809 656 839 hominum
677 810 890 851 pecudumque
910 821 981 851 por-

91 853 201 888 tentis;
225 859 291 882 tum
308 852 423 882 facibus
439 852 508 882 visis
523 853 709 882 cmlestibus:
735 859 801 883 tum
823 853 915 883 stellis
931 853 978 892 iis,

92 907 167 938 quas
192 896 290 926 Graeci
316 902 456 932 cometas,
485 895 579 925 nostri
603 895 733 934 crinitas,
762 902 869 926 vocant
896 900 980 937 (quae

90 949 188 980 nuper
202 939 281 969 bello
297 938 464 969 Octaviano
479 948 661 979 magnarum
680 938 804 969 fuerunt
824 940 979 970 calamita-

91 989 158 1013 tum
180 982 392 1023 praenuntiae);
417 987 484 1011 tum
505 982 566 1012 sole
586 982 750 1022 geminato,
775 983 868 1023 quod,
892 985 939 1017 (ut
962 994 979 1013 e

91 1032 176 1067 patre
196 1025 311 1061 audivi)
328 1024 484 1055 Tuditano
500 1030 528 1055 et
543 1025 684 1065 Aquinio
705 1026 890 1063 consulibus,
913 1036 980 1056 eve-

92 1075 195 1099 nerat:
225 1078 286 1109 quo
309 1067 433 1108 quidem
458 1078 537 1098 anno
562 1068 597 1097 P.
619 1068 796 1107 Africanus,
822 1069 866 1099 sol
890 1069 976 1108 alter,

91 1112 254 1143 exstinctus
269 1116 321 1141 est.
346 1111 469 1148 Quibus
484 1111 627 1149 exterriti,
640 1111 778 1142 homines
790 1112 853 1142 vim
869 1122 979 1153 quam-

91 1155 162 1185 dam
178 1165 240 1185 esse
255 1155 402 1184 coelestem
418 1160 447 1184 et
462 1153 597 1184 divinam
613 1155 755 1195 suspicati
770 1160 849 1185 sunt.
874 1155 978 1193 Quar-

90 1203 155 1228 tam
177 1208 298 1228 causam
319 1207 392 1234 esse,
411 1207 539 1238 eamque
554 1198 602 1228 vel
622 1197 803 1236 maximam,
820 1198 979 1239 aequabili-

91 1247 184 1272 tatem
205 1242 316 1278 motus,
338 1240 561 1270 conversionem
582 1240 667 1277 coeli;
692 1241 772 1279 solis,
789 1242 882 1279 lunae,
899 1241 978 1271 side-

89 1294 220 1325 rumque
235 1283 374 1314 omnium
389 1283 622 1321 distinctionem,
639 1284 826 1322 varietatem,
843 1284 978 1325 pulchri-

90 1327 240 1365 tudinem,
266 1326 422 1356 ordinem:
456 1337 586 1367 quarum
610 1337 712 1357 rerum
736 1327 924 1368 adspectus
916 1338 981 1369 lpse

91 1371 161 1401 satis
184 1370 339 1407 indicaret,
363 1379 423 1399 non
446 1380 508 1400 esse
528 1380 563 1400 ea
583 1370 715 1400 fortuita.
751 1371 806 1408 Ut,
824 1371 848 1401 si
864 1371 932 1412 quis
946 1371 979 1401 in

90 1413 216 1444 domum
232 1412 378 1454 aliquam,
395 1418 448 1442 aut
468 1412 499 1442 in
515 1413 722 1454 gymnasium,
738 1419 792 1444 aut
811 1413 843 1443 in
864 1414 977 1452 forum,

90 1456 225 1492 venerit;
250 1466 319 1486 cum
341 1455 441 1486 videat
461 1457 600 1486 omnium
615 1467 717 1487 rerum
733 1457 891 1495 rationem,
913 1467 980 1487 mo-

91 1500 177 1538 dum,
193 1499 395 1540 disciplinam,
412 1508 473 1529 non
495 1499 588 1539 possit
608 1509 643 1529 ea
664 1500 727 1530 sine
745 1500 834 1530 causa
850 1500 914 1529 fieri
927 1501 979 1539 ju-

89 1543 207 1578 dicare;
232 1542 283 1573 sed
298 1552 359 1572 esse
375 1542 508 1583 aliquem
523 1542 683 1583 intelligat,
695 1543 749 1583 qui
764 1542 876 1583 praesit,
890 1549 918 1572 et
930 1543 980 1573 cui

90 1592 248 1627 pareatur:
272 1585 371 1615 multo
386 1585 485 1625 magis
499 1585 530 1614 in
546 1586 636 1616 tantis
655 1586 851 1622 motionibus,
873 1586 979 1616 tantis-

91 1640 150 1670 que
175 1628 441 1665 vicissitudinibus,
469 1634 531 1658 tam
562 1629 730 1659 multarum
757 1638 859 1658 rerum
885 1634 978 1669 atque

90 1678 243 1703 tantarum
267 1671 434 1709 ordinibus,
461 1671 493 1701 in
519 1671 631 1712 quibus
656 1671 733 1701 nihil
757 1682 895 1712 unquam
918 1671 978 1701 im-

91 1725 195 1746 mensa
217 1720 246 1746 et
267 1714 387 1746 infinita
409 1720 542 1746 vetustas
563 1715 690 1746 mentita
710 1715 759 1754 sit,
780 1720 903 1754 statuat,
925 1725 980 1745 ne-
