1226 1935
225 91 288 120 290
341 89 464 120 TUSC.
483 89 656 127 QUAEST.
684 89 762 119 Lm.
779 89 820 119 V.
846 89 929 119 Cim.
947 90 997 120 39.

224 176 326 213 illum,
343 176 397 216 qui
412 186 508 206 czecus
523 185 618 205 annos
633 175 746 205 multos
763 175 832 213 fuit,
849 181 878 205 et
899 185 936 205 ex
957 175 1115 215 magistra-

225 219 318 255 tibus,
335 225 365 248 et
380 229 416 248 ex
430 219 518 248 rebus
530 219 621 258 gestis
633 218 843 258 intelligimus,
857 218 888 248 in
901 218 954 247 illo
966 228 1020 247 suo
1032 228 1115 253 casu,

226 271 281 292 nec
301 261 418 302 pxivato
437 271 491 291 nec
512 261 634 302 publico
654 261 775 290 muneri
795 260 933 290 defuisse.
967 260 1002 290 C.
1021 260 1116 290 Drusi

225 304 354 335 domum
365 304 509 345 compleri
525 315 543 334 a
558 303 778 334 consultoribus
794 304 911 333 solitam
925 303 1115 343 accepimus;

225 358 308 385 cum,
326 358 458 388 quorum
480 357 525 377 res
547 353 633 385 esset,
656 357 710 376 sua
730 346 787 386 ipsi
809 356 870 376 non
890 346 1043 383 videbant,
1060 356 1116 376 cae-

225 401 296 421 cum
312 390 496 420 adhibebant
511 389 629 419 ducem.

268 433 432 463 XXXIX.
458 432 564 462 Pueris
588 433 686 469 nobis,
713 432 770 462 Cn.
787 432 934 462 Aufidius
958 431 1115 472 praetorius

225 482 255 507 et
270 476 302 505 in
324 480 429 505 senatu
451 475 631 505 sententiam
652 475 781 511 dicebat,
803 485 858 506 nec
878 475 982 505 amicis
1004 474 1116 505 delibe-

226 519 364 549 rantibus
385 518 498 554 deerat,
518 524 548 548 et
569 518 708 548 Graecam
730 518 878 548 scribebat
899 518 1067 553 historiam,
1089 524 1118 548 et

225 562 347 592 videbat
367 561 399 590 in
417 560 520 590 literis.
554 560 706 591 Diodotus
728 562 858 597 stoicus,
881 572 987 599 caecus,
1004 561 1117 590 multos

225 615 319 635 annos
344 604 427 634 domi
452 609 561 633 nostrae
582 604 668 634 vixit.
702 604 734 634 Is
754 614 834 640 vero„
857 604 953 645 (quod
976 604 1119 634 credibile

224 647 277 678 vix
299 652 388 683 esset)
410 657 480 677 cum
503 646 534 676 in
557 646 761 688 philosophia,
787 648 886 677 multo
906 647 997 677 etiam
1020 647 1118 687 magis

225 690 343 720 assidue
363 700 458 730 quam
479 695 578 727 antea,
596 696 774 727 versaretur,
792 696 821 720 et
841 701 911 720 cum
928 690 1039 720 fidibus
1056 690 1120 730 Py-

225 733 439 773 thagoreorum
460 743 544 763 more
565 739 711 772 uteretur,
734 743 865 774 cumque
886 734 913 763 ei
931 733 1001 763 libri
1018 739 1118 763 noctes

226 782 256 806 et
271 776 334 806 dies
349 776 532 816 legerentur,
550 776 661 817 quibus
681 776 713 806 in
732 777 839 806 studiis
860 776 954 807 oculis
972 786 1033 806 non
1050 786 1118 816 ege-

226 820 298 855 batg
324 825 390 849 tum
412 819 508 860 (quod
529 819 593 849 sine
612 820 706 850 oculis
728 819 791 849 fieri
812 830 898 860 posse
914 820 964 850 vix
985 819 1117 856 videtur)

225 862 399 902 geometriae
410 872 524 892 munus
536 864 689 899 tuebatur,
706 863 804 893 verbis
816 863 991 903 praecipiens
1003 862 1119 892 discen-

225 905 318 941 tibus,
331 905 424 943 unde,
439 916 511 946 quo,
523 916 678 946 quamque
690 906 802 935 lineam
816 906 986 936 scriberent.
1011 906 1118 935 Ascle-

224 948 347 989 piadem
370 948 483 985 ferunt,
511 959 572 978 non
597 949 764 989 ignobilem
788 948 961 979 Eretricum
985 948 1119 989 philoso-

225 991 337 1031 phum,
355 1001 425 1021 cum
441 991 568 1032 quidam
583 998 740 1032 quaereret,
758 991 833 1032 quid
854 992 880 1022 ei
901 991 1016 1022 caecitas
1037 997 1118 1021 attu-

223 1032 317 1071 lisset,
346 1034 543 1075 respondisse,
570 1045 665 1075 puero
687 1041 721 1064 ut
747 1045 809 1064 uno
836 1043 910 1065 esset
937 1035 1117 1065 comitatior.

223 1076 270 1107 Ut
285 1077 367 1107 enim
389 1078 436 1108 vel
455 1088 576 1107 summa
596 1084 757 1118 paupertas
778 1078 941 1108 tolerabilis
963 1078 1011 1113 sit7
1035 1078 1059 1107 si
1080 1078 1117 1107 li-

224 1125 299 1157 ceat‚
317 1120 399 1161 quod
417 1121 601 1161 quibusdam
622 1120 736 1150 Graecis
757 1121 913 1161 quotidie;
939 1121 979 1151 sic
1002 1121 1117 1151 ezr-citas

223 1162 293 1192 ferri
309 1163 395 1193 facile
410 1164 513 1204 possit7
528 1163 551 1193 si
564 1174 624 1193 non
638 1163 735 1194 desint
749 1164 883 1194 subsidia
895 1164 1117 1194 valetudinum.

269 1205 475 1244 Democritus,
503 1206 671 1237 luminibus
698 1207 826 1245 amissis,
855 1208 924 1237 alba
950 1207 1062 1237 scilicet
1088 1213 1118 1237 et

223 1254 290 1279 atra
313 1249 478 1280 discernere
503 1259 563 1279 non
584 1255 721 1290 poterat:
749 1256 780 1279 at
803 1260 872 1280 vero
897 1252 989 1287 bona,
1013 1251 1115 1285 mala3

224 1302 323 1332 aequa,
355 1293 482 1333 iniqua3
518 1293 654 1330 honesta,
686 1293 810 1333 turpia3
846 1293 945 1331 utilia⁷
972 1293 1116 1329 inutilia3

221 1344 344 1375 magna,
366 1346 470 1376 parva,
496 1342 630 1376 poterat:
657 1342 696 1373 et,
721 1336 785 1366 sine
806 1336 948 1367 varietate
967 1336 1115 1374 colorum,

219 1377 329 1408 licebat
344 1378 443 1408 vivere
458 1381 565 1414 beate;
583 1379 646 1409 sine
659 1379 780 1409 notione
792 1390 905 1416 rerum,
923 1389 983 1409 non
996 1380 1115 1409 licebat.

220 1420 328 1461 Atque
350 1421 399 1451 hic
420 1422 465 1452 vir
480 1421 621 1462 impediri
643 1422 735 1452 etiam
750 1422 846 1452 animi
862 1423 957 1453 aciem
973 1422 1114 1463 adspectu

220 1464 378 1494 oculorum
394 1465 616 1495 arbitrabatur:
643 1471 682 1503 et,
700 1476 770 1495 cum
783 1465 834 1495 alii
847 1476 936 1506 saepe,
952 1466 1033 1506 quod
1046 1471 1116 1495 ante

219 1506 310 1546 pedes
331 1513 417 1545 esset,
440 1518 500 1537 non
524 1508 670 1545 viderent,
697 1508 762 1549 ipse
785 1508 968 1538 infinitatem
992 1518 1115 1538 omnem

218 1550 478 1589 peregrinabatur,
503 1557 537 1580 ut
558 1551 645 1580 nullst
664 1551 696 1581 in
718 1552 909 1582 extremitate
930 1551 1112 1582 consisteret.

219 1591 384 1623 Traditum
409 1599 452 1623 est
476 1594 580 1631 etiam,
603 1594 776 1624 Homerum
799 1605 910 1625 caecum
933 1594 1034 1624 fuisse.
1069 1594 1116 1624 At

218 1635 283 1673 ejus
307 1636 469 1676 picturam,
497 1647 557 1667 non
581 1637 708 1678 poesim,
734 1637 881 1667 videmus.
917 1638 998 1676 Quae
1020 1637 1113 1677 regio,

219 1688 288 1718 quae
300 1689 363 1717 ora,
381 1679 433 1719 qui
449 1679 532 1709 locus
549 1680 685 1716 Graeciae,
703 1691 772 1720 quae
788 1680 899 1720 species
911 1681 1027 1717 formae,
1045 1691 1115 1720 quae

217 1731 333 1761 pugna,
348 1732 417 1763 quae
431 1723 519 1760 acies,
537 1723 619 1763 quod
635 1723 809 1764 remigium,
827 1724 880 1764 qui
896 1729 997 1754 motus
1013 1723 1112 1753 homi-

218 1773 306 1801 num,
319 1765 372 1806 qui
388 1765 532 1804 ferarum,
549 1776 609 1797 non
625 1766 669 1796 ita
684 1766 821 1807 expictus
834 1773 888 1805 est,
902 1773 947 1801 ut..
965 1777 1035 1808 quae
1049 1766 1114 1806 ipse
