<?xml version="1.0" encoding="UTF-8"?>
<!DOCTYPE html PUBLIC "-//W3C//DTD XHTML 1.0 Transitional//EN"
    "http://www.w3.org/TR/xhtml1/DTD/xhtml1-transitional.dtd">
<html xmlns="http://www.w3.org/1999/xhtml" xml:lang="en" lang="en">
 <head>
  <title>
</title>
<meta http-equiv="Content-Type" content="text/html;charset=utf-8" />
  <meta name='ocr-system' content='tesseract 3.04.00' />
  <meta name='ocr-capabilities' content='ocr_page ocr_carea ocr_par ocr_line ocrx_word'/>
</head>
<body>
  <div class='ocr_page' id='page_1' title='image "./operaern03ciceuoft_0190.png"; bbox 0 0 1226 1935; ppageno 0'>
   <div class='ocr_carea' id='block_1_1' title="bbox 191 43 948 84">
    <p class='ocr_par' dir='ltr' id='par_1_1' title="bbox 191 43 948 84">
     <span class='ocr_line' id='line_1_1' title="bbox 191 43 948 84; baseline -0.005 -4"><span class='ocrx_word' id='word_1_1' title='bbox 191 48 251 84; x_wconf 80' lang='lat'><strong>176</strong></span> <span class='ocrx_word' id='word_1_2' title='bbox 310 45 431 78; x_wconf 86' lang='lat' dir='ltr'><strong>TUSC.</strong></span> <span class='ocrx_word' id='word_1_3' title='bbox 448 44 619 84; x_wconf 85' lang='lat' dir='ltr'><strong>QUAEST.</strong></span> <span class='ocrx_word' id='word_1_4' title='bbox 637 44 715 76; x_wconf 73' lang='lat' dir='ltr'>111ss.</span> <span class='ocrx_word' id='word_1_5' title='bbox 733 43 778 76; x_wconf 90' lang='grc' dir='ltr'><strong>ΙΙ.</strong></span> <span class='ocrx_word' id='word_1_6' title='bbox 796 44 879 77; x_wconf 75' lang='lat' dir='ltr'>CAP.</span> <span class='ocrx_word' id='word_1_7' title='bbox 896 46 948 76; x_wconf 77' lang='lat'><strong>24.</strong></span> 
     </span>
    </p>
   </div>
   <div class='ocr_carea' id='block_1_2' title="bbox 199 131 1109 1761">
    <p class='ocr_par' dir='ltr' id='par_1_2' title="bbox 199 131 1109 1416">
     <span class='ocr_line' id='line_1_2' title="bbox 241 131 1085 172; baseline -0.002 -8"><span class='ocrx_word' id='word_1_8' title='bbox 241 132 374 165; x_wconf 83' lang='lat' dir='ltr'>XXIII.</span> <span class='ocrx_word' id='word_1_9' title='bbox 397 132 443 163; x_wconf 83' lang='lat' dir='ltr'><strong>Ut</strong></span> <span class='ocrx_word' id='word_1_10' title='bbox 464 132 544 163; x_wconf 87' lang='lat' dir='ltr'><strong>enim</strong></span> <span class='ocrx_word' id='word_1_11' title='bbox 566 132 601 162; x_wconf 84' lang='lat' dir='ltr'><strong>fit</strong></span> <span class='ocrx_word' id='word_1_12' title='bbox 621 132 653 162; x_wconf 89' lang='lat' dir='ltr'><strong>in</strong></span> <span class='ocrx_word' id='word_1_13' title='bbox 673 132 789 172; x_wconf 75' lang='lat' dir='ltr'><strong>proelio,</strong></span> <span class='ocrx_word' id='word_1_14' title='bbox 805 137 841 162; x_wconf 84' lang='lat' dir='ltr'><strong>ut</strong></span> <span class='ocrx_word' id='word_1_15' title='bbox 854 132 982 172; x_wconf 83' lang='lat' dir='ltr'><strong>ignavus</strong></span> <span class='ocrx_word' id='word_1_16' title='bbox 996 131 1085 162; x_wconf 79' lang='lat' dir='ltr'><strong>miles</strong></span> 
     </span>
     <span class='ocr_line' id='line_1_3' title="bbox 199 174 1085 214; baseline -0.003 -7"><span class='ocrx_word' id='word_1_17' title='bbox 199 188 233 208; x_wconf 80' lang='lat' dir='ltr'><strong>ac</strong></span> <span class='ocrx_word' id='word_1_18' title='bbox 255 176 391 213; x_wconf 87' lang='lat' dir='ltr'><strong>timidus,</strong></span> <span class='ocrx_word' id='word_1_19' title='bbox 415 175 505 205; x_wconf 87' lang='lat' dir='ltr'><strong>simul</strong></span> <span class='ocrx_word' id='word_1_20' title='bbox 530 185 563 205; x_wconf 83' lang='lat' dir='ltr'><strong>ae</strong></span> <span class='ocrx_word' id='word_1_21' title='bbox 587 174 693 205; x_wconf 82' lang='lat' dir='ltr'><strong>viderit</strong></span> <span class='ocrx_word' id='word_1_22' title='bbox 714 175 842 213; x_wconf 80' lang='lat' dir='ltr'><strong>hostem,</strong></span> <span class='ocrx_word' id='word_1_23' title='bbox 865 176 980 214; x_wconf 83' lang='lat' dir='ltr'><strong>abjecto</strong></span> <span class='ocrx_word' id='word_1_24' title='bbox 1000 180 1085 205; x_wconf 86' lang='lat' dir='ltr'><strong>scuto</strong></span> 
     </span>
     <span class='ocr_line' id='line_1_4' title="bbox 200 218 1087 260; baseline -0.002 -11"><span class='ocrx_word' id='word_1_25' title='bbox 200 219 308 260; x_wconf 72' lang='lat' dir='ltr'><strong>fugiat,</strong></span> <span class='ocrx_word' id='word_1_26' title='bbox 333 224 482 260; x_wconf 84' lang='lat' dir='ltr'><strong>quantum</strong></span> <span class='ocrx_word' id='word_1_27' title='bbox 506 218 608 258; x_wconf 82' lang='lat' dir='ltr'><strong>possit,</strong></span> <span class='ocrx_word' id='word_1_28' title='bbox 632 219 670 248; x_wconf 92' lang='lat' dir='ltr'><strong>ob</strong></span> <span class='ocrx_word' id='word_1_29' title='bbox 693 228 820 258; x_wconf 81' lang='lat' dir='ltr'><strong>eamque</strong></span> <span class='ocrx_word' id='word_1_30' title='bbox 840 228 961 248; x_wconf 86' lang='lat' dir='ltr'><strong>causam</strong></span> <span class='ocrx_word' id='word_1_31' title='bbox 984 222 1087 258; x_wconf 84' lang='lat' dir='ltr'><strong>pereat</strong></span> 
     </span>
     <span class='ocr_line' id='line_1_5' title="bbox 201 260 1087 303; baseline -0.005 -10"><span class='ocrx_word' id='word_1_32' title='bbox 201 272 434 303; x_wconf 85' lang='lat' dir='ltr'><strong>nonnunquam,</strong></span> <span class='ocrx_word' id='word_1_33' title='bbox 458 261 548 291; x_wconf 87' lang='lat' dir='ltr'><strong>etiam</strong></span> <span class='ocrx_word' id='word_1_34' title='bbox 572 261 688 301; x_wconf 86' lang='lat' dir='ltr'><strong>integro</strong></span> <span class='ocrx_word' id='word_1_35' title='bbox 712 272 844 302; x_wconf 83' lang='lat' dir='ltr'><strong>corpore,</strong></span> <span class='ocrx_word' id='word_1_36' title='bbox 871 271 940 290; x_wconf 86' lang='lat' dir='ltr'><strong>cum</strong></span> <span class='ocrx_word' id='word_1_37' title='bbox 967 261 1005 297; x_wconf 84' lang='lat' dir='ltr'><strong>ei,</strong></span> <span class='ocrx_word' id='word_1_38' title='bbox 1033 260 1087 300; x_wconf 89' lang='lat' dir='ltr'><strong>qui</strong></span> 
     </span>
     <span class='ocr_line' id='line_1_6' title="bbox 201 303 1088 344; baseline -0.003 -9"><span class='ocrx_word' id='word_1_39' title='bbox 201 305 326 342; x_wconf 87' lang='lat' dir='ltr'><strong>steterit,</strong></span> <span class='ocrx_word' id='word_1_40' title='bbox 343 304 420 334; x_wconf 89' lang='lat' dir='ltr'><strong>nihil</strong></span> <span class='ocrx_word' id='word_1_41' title='bbox 435 304 493 334; x_wconf 78' lang='lat' dir='ltr'><strong>tale</strong></span> <span class='ocrx_word' id='word_1_42' title='bbox 508 304 657 340; x_wconf 79' lang='lat' dir='ltr'><strong>evenerit3</strong></span> <span class='ocrx_word' id='word_1_43' title='bbox 682 304 733 341; x_wconf 88' lang='lat' dir='ltr'><strong>sic,</strong></span> <span class='ocrx_word' id='word_1_44' title='bbox 755 304 808 344; x_wconf 93' lang='lat' dir='ltr'><strong>qui</strong></span> <span class='ocrx_word' id='word_1_45' title='bbox 829 303 938 333; x_wconf 89' lang='lat' dir='ltr'><strong>doloris</strong></span> <span class='ocrx_word' id='word_1_46' title='bbox 959 303 1088 343; x_wconf 88' lang='lat' dir='ltr'><strong>speciem</strong></span> 
     </span>
     <span class='ocr_line' id='line_1_7' title="bbox 203 346 1091 388; baseline -0.003 -10"><span class='ocrx_word' id='word_1_47' title='bbox 203 348 280 378; x_wconf 89' lang='lat' dir='ltr'><strong>ferre</strong></span> <span class='ocrx_word' id='word_1_48' title='bbox 300 358 360 378; x_wconf 89' lang='lat' dir='ltr'><strong>non</strong></span> <span class='ocrx_word' id='word_1_49' title='bbox 384 353 520 388; x_wconf 78' lang='lat' dir='ltr'>possunt,</span> <span class='ocrx_word' id='word_1_50' title='bbox 541 347 687 386; x_wconf 83' lang='lat' dir='ltr'><strong>abjiciunt</strong></span> <span class='ocrx_word' id='word_1_51' title='bbox 707 358 749 385; x_wconf 88' lang='lat' dir='ltr'><strong>se,</strong></span> <span class='ocrx_word' id='word_1_52' title='bbox 771 352 860 387; x_wconf 87' lang='lat' dir='ltr'><strong>atque</strong></span> <span class='ocrx_word' id='word_1_53' title='bbox 880 346 922 376; x_wconf 83' lang='lat' dir='ltr'><strong>ita</strong></span> <span class='ocrx_word' id='word_1_54' title='bbox 942 346 1045 376; x_wconf 84' lang='lat' dir='ltr'><strong>afflicti</strong></span> <span class='ocrx_word' id='word_1_55' title='bbox 1061 351 1091 375; x_wconf 79' lang='lat' dir='ltr'><strong>et</strong></span> 
     </span>
     <span class='ocr_line' id='line_1_8' title="bbox 204 388 1091 430; baseline -0.005 -9"><span class='ocrx_word' id='word_1_56' title='bbox 204 390 370 421; x_wconf 83' lang='lat' dir='ltr'><strong>exanimati</strong></span> <span class='ocrx_word' id='word_1_57' title='bbox 387 391 506 429; x_wconf 84' lang='lat' dir='ltr'><strong>jacent:</strong></span> <span class='ocrx_word' id='word_1_58' title='bbox 532 390 585 430; x_wconf 91' lang='lat' dir='ltr'><strong>qui</strong></span> <span class='ocrx_word' id='word_1_59' title='bbox 607 396 708 420; x_wconf 86' lang='lat' dir='ltr'><strong>autern</strong></span> <span class='ocrx_word' id='word_1_60' title='bbox 729 390 912 426; x_wconf 82' lang='lat' dir='ltr'><strong>restiterunt,</strong></span> <span class='ocrx_word' id='word_1_61' title='bbox 934 388 1091 418; x_wconf 86' lang='lat' dir='ltr'><strong>discedunt</strong></span> 
     </span>
     <span class='ocr_line' id='line_1_9' title="bbox 205 431 1092 474; baseline -0.006 -9"><span class='ocrx_word' id='word_1_62' title='bbox 205 433 368 474; x_wconf 67' lang='lat' dir='ltr'><strong>saepissime</strong></span> <span class='ocrx_word' id='word_1_63' title='bbox 383 433 558 473; x_wconf 88' lang='lat' dir='ltr'><strong>superiores.</strong></span> <span class='ocrx_word' id='word_1_64' title='bbox 587 434 666 463; x_wconf 84' lang='lat' dir='ltr'>Sunt</span> <span class='ocrx_word' id='word_1_65' title='bbox 680 432 762 462; x_wconf 89' lang='lat' dir='ltr'><strong>enim</strong></span> <span class='ocrx_word' id='word_1_66' title='bbox 782 432 921 473; x_wconf 85' lang='lat' dir='ltr'><strong>quaedam</strong></span> <span class='ocrx_word' id='word_1_67' title='bbox 937 431 1031 461; x_wconf 86' lang='lat' dir='ltr'><strong>animi</strong></span> <span class='ocrx_word' id='word_1_68' title='bbox 1053 431 1092 461; x_wconf 80' lang='lat' dir='ltr'><strong>si-</strong></span> 
     </span>
     <span class='ocr_line' id='line_1_10' title="bbox 205 475 1092 516; baseline -0.003 -10"><span class='ocrx_word' id='word_1_69' title='bbox 205 476 393 507; x_wconf 87' lang='lat' dir='ltr'><strong>militudines</strong></span> <span class='ocrx_word' id='word_1_70' title='bbox 408 486 478 505; x_wconf 87' lang='lat' dir='ltr'><strong>cum</strong></span> <span class='ocrx_word' id='word_1_71' title='bbox 499 486 629 516; x_wconf 85' lang='lat' dir='ltr'><strong>corpore.</strong></span> <span class='ocrx_word' id='word_1_72' title='bbox 662 476 708 505; x_wconf 91' lang='lat' dir='ltr'><strong>Ut</strong></span> <span class='ocrx_word' id='word_1_73' title='bbox 723 485 812 505; x_wconf 86' lang='lat' dir='ltr'><strong>onera</strong></span> <span class='ocrx_word' id='word_1_74' title='bbox 827 475 972 505; x_wconf 87' lang='lat' dir='ltr'><strong>contentis</strong></span> <span class='ocrx_word' id='word_1_75' title='bbox 987 484 1092 514; x_wconf 90' lang='lat' dir='ltr'><strong>corpo-</strong></span> 
     </span>
     <span class='ocr_line' id='line_1_11' title="bbox 206 516 1095 558; baseline -0.003 -9"><span class='ocrx_word' id='word_1_76' title='bbox 206 519 291 550; x_wconf 80' lang='lat' dir='ltr'>ribus</span> <span class='ocrx_word' id='word_1_77' title='bbox 314 518 432 549; x_wconf 86' lang='lat' dir='ltr'><strong>facilius</strong></span> <span class='ocrx_word' id='word_1_78' title='bbox 455 518 604 556; x_wconf 84' lang='lat' dir='ltr'><strong>feruntur,</strong></span> <span class='ocrx_word' id='word_1_79' title='bbox 629 517 758 548; x_wconf 77' lang='lat' dir='ltr'><strong>remissis</strong></span> <span class='ocrx_word' id='word_1_80' title='bbox 779 518 974 558; x_wconf 80' lang='lat' dir='ltr'><strong>opprimunt3</strong></span> <span class='ocrx_word' id='word_1_81' title='bbox 999 516 1095 546; x_wconf 83' lang='lat' dir='ltr'><strong>simil-</strong></span> 
     </span>
     <span class='ocr_line' id='line_1_12' title="bbox 207 560 1093 601; baseline -0.003 -9"><span class='ocrx_word' id='word_1_82' title='bbox 207 562 281 592; x_wconf 91' lang='lat' dir='ltr'><strong>lime</strong></span> <span class='ocrx_word' id='word_1_83' title='bbox 296 561 415 591; x_wconf 84' lang='lat' dir='ltr'><strong>animus</strong></span> <span class='ocrx_word' id='word_1_84' title='bbox 430 560 594 590; x_wconf 78' lang='lat' dir='ltr'><strong>intentione</strong></span> <span class='ocrx_word' id='word_1_85' title='bbox 610 571 664 590; x_wconf 79' lang='lat' dir='ltr'><strong>sua</strong></span> <span class='ocrx_word' id='word_1_86' title='bbox 679 560 802 600; x_wconf 79' lang='lat' dir='ltr'><strong>depelh&#39;t</strong></span> <span class='ocrx_word' id='word_1_87' title='bbox 817 571 952 601; x_wconf 89' lang='lat' dir='ltr'><strong>pressum</strong></span> <span class='ocrx_word' id='word_1_88' title='bbox 970 569 1093 590; x_wconf 90' lang='lat' dir='ltr'><strong>omnem</strong></span> 
     </span>
     <span class='ocr_line' id='line_1_13' title="bbox 208 602 1094 652; baseline -0.003 -17"><span class='ocrx_word' id='word_1_89' title='bbox 208 604 398 646; x_wconf 83' lang='lat' dir='ltr'><strong>ponderum;</strong></span> <span class='ocrx_word' id='word_1_90' title='bbox 422 602 595 633; x_wconf 84' lang='lat' dir='ltr'><strong>remissione</strong></span> <span class='ocrx_word' id='word_1_91' title='bbox 615 609 717 633; x_wconf 85' lang='lat' dir='ltr'><strong>autem</strong></span> <span class='ocrx_word' id='word_1_92' title='bbox 734 603 774 633; x_wconf 85' lang='lat' dir='ltr'><strong>sic</strong></span> <span class='ocrx_word' id='word_1_93' title='bbox 789 609 924 652; x_wconf 79' lang='lat' dir='ltr'><strong>urgetur,</strong></span> <span class='ocrx_word' id='word_1_94' title='bbox 947 608 981 632; x_wconf 85' lang='lat' dir='ltr'><strong>ut</strong></span> <span class='ocrx_word' id='word_1_95' title='bbox 997 613 1026 632; x_wconf 88' lang='lat' dir='ltr'><strong>se</strong></span> <span class='ocrx_word' id='word_1_96' title='bbox 1042 612 1094 631; x_wconf 88' lang='lat' dir='ltr'><strong>ne-</strong></span> 
     </span>
     <span class='ocr_line' id='line_1_14' title="bbox 209 645 1098 688; baseline -0.003 -11"><span class='ocrx_word' id='word_1_97' title='bbox 209 652 302 688; x_wconf 84' lang='lat' dir='ltr'>queat</span> <span class='ocrx_word' id='word_1_98' title='bbox 316 646 468 677; x_wconf 75' lang='lat' dir='ltr'>extollere.</span> <span class='ocrx_word' id='word_1_99' title='bbox 492 646 545 684; x_wconf 88' lang='lat' dir='ltr'><strong>Et,</strong></span> <span class='ocrx_word' id='word_1_100' title='bbox 563 645 587 676; x_wconf 89' lang='lat' dir='ltr'><strong>si</strong></span> <span class='ocrx_word' id='word_1_101' title='bbox 602 656 707 676; x_wconf 88' lang='lat' dir='ltr'><strong>verum</strong></span> <span class='ocrx_word' id='word_1_102' title='bbox 719 646 895 686; x_wconf 83' lang='lat' dir='ltr'><strong>quaerimus,</strong></span> <span class='ocrx_word' id='word_1_103' title='bbox 911 646 942 675; x_wconf 91' lang='lat' dir='ltr'><strong>in</strong></span> <span class='ocrx_word' id='word_1_104' title='bbox 954 645 1098 675; x_wconf 86' lang='lat' dir='ltr'><strong>omnibus</strong></span> 
     </span>
     <span class='ocr_line' id='line_1_15' title="bbox 209 687 1097 730; baseline -0.002 -10"><span class='ocrx_word' id='word_1_105' title='bbox 209 689 314 720; x_wconf 88' lang='lat' dir='ltr'><strong>officiis</strong></span> <span class='ocrx_word' id='word_1_106' title='bbox 333 689 546 730; x_wconf 83' lang='lat' dir='ltr'><strong>persequendis</strong></span> <span class='ocrx_word' id='word_1_107' title='bbox 566 689 660 719; x_wconf 86' lang='lat' dir='ltr'><strong>animi</strong></span> <span class='ocrx_word' id='word_1_108' title='bbox 681 695 724 719; x_wconf 87' lang='lat' dir='ltr'><strong>est</strong></span> <span class='ocrx_word' id='word_1_109' title='bbox 744 689 914 719; x_wconf 85' lang='lat' dir='ltr'><strong>adhibenda</strong></span> <span class='ocrx_word' id='word_1_110' title='bbox 937 687 1097 718; x_wconf 81' lang='lat' dir='ltr'><strong>contentio.</strong></span> 
     </span>
     <span class='ocr_line' id='line_1_16' title="bbox 210 730 1098 773; baseline -0.005 -10"><span class='ocrx_word' id='word_1_111' title='bbox 210 733 260 764; x_wconf 87' lang='lat' dir='ltr'><strong>Ea</strong></span> <span class='ocrx_word' id='word_1_112' title='bbox 272 738 315 763; x_wconf 85' lang='lat' dir='ltr'><strong>est</strong></span> <span class='ocrx_word' id='word_1_113' title='bbox 326 733 389 762; x_wconf 85' lang='lat' dir='ltr'><strong>sola</strong></span> <span class='ocrx_word' id='word_1_114' title='bbox 400 732 489 762; x_wconf 87' lang='lat' dir='ltr'><strong>officii</strong></span> <span class='ocrx_word' id='word_1_115' title='bbox 501 738 657 773; x_wconf 88' lang='lat' dir='ltr'><strong>tamquam</strong></span> <span class='ocrx_word' id='word_1_116' title='bbox 668 732 810 762; x_wconf 86' lang='lat' dir='ltr'><strong>custodia.</strong></span> <span class='ocrx_word' id='word_1_117' title='bbox 835 732 894 762; x_wconf 80' lang='lat' dir='ltr'><strong>Sed</strong></span> <span class='ocrx_word' id='word_1_118' title='bbox 905 732 962 761; x_wconf 86' lang='lat' dir='ltr'><strong>hoe</strong></span> <span class='ocrx_word' id='word_1_119' title='bbox 974 730 1098 772; x_wconf 90' lang='lat' dir='ltr'><strong>quidem</strong></span> 
     </span>
     <span class='ocr_line' id='line_1_17' title="bbox 210 774 1099 816; baseline -0.003 -10"><span class='ocrx_word' id='word_1_120' title='bbox 210 776 243 806; x_wconf 85' lang='lat' dir='ltr'><strong>in</strong></span> <span class='ocrx_word' id='word_1_121' title='bbox 263 775 364 806; x_wconf 89' lang='lat' dir='ltr'><strong>dolore</strong></span> <span class='ocrx_word' id='word_1_122' title='bbox 378 775 513 805; x_wconf 85' lang='lat' dir='ltr'>maxime</span> <span class='ocrx_word' id='word_1_123' title='bbox 529 780 572 805; x_wconf 87' lang='lat' dir='ltr'><strong>est</strong></span> <span class='ocrx_word' id='word_1_124' title='bbox 586 774 818 816; x_wconf 87' lang='lat' dir='ltr'><strong>providendum,</strong></span> <span class='ocrx_word' id='word_1_125' title='bbox 834 785 872 805; x_wconf 92' lang='lat' dir='ltr'><strong>ne</strong></span> <span class='ocrx_word' id='word_1_126' title='bbox 884 775 958 815; x_wconf 88' lang='lat' dir='ltr'><strong>quid</strong></span> <span class='ocrx_word' id='word_1_127' title='bbox 973 775 1099 812; x_wconf 85' lang='lat' dir='ltr'><strong>abjecte,</strong></span> 
     </span>
     <span class='ocr_line' id='line_1_18' title="bbox 211 816 1100 859; baseline -0.002 -11"><span class='ocrx_word' id='word_1_128' title='bbox 211 828 251 849; x_wconf 87' lang='lat' dir='ltr'><strong>ne</strong></span> <span class='ocrx_word' id='word_1_129' title='bbox 271 818 345 859; x_wconf 87' lang='lat' dir='ltr'><strong>quid</strong></span> <span class='ocrx_word' id='word_1_130' title='bbox 366 818 482 855; x_wconf 79' lang='lat' dir='ltr'><strong>timide,</strong></span> <span class='ocrx_word' id='word_1_131' title='bbox 504 828 542 848; x_wconf 87' lang='lat' dir='ltr'><strong>ne</strong></span> <span class='ocrx_word' id='word_1_132' title='bbox 562 818 636 859; x_wconf 90' lang='lat' dir='ltr'><strong>quid</strong></span> <span class='ocrx_word' id='word_1_133' title='bbox 657 818 774 859; x_wconf 82' lang='lat' dir='ltr'><strong>ignave,</strong></span> <span class='ocrx_word' id='word_1_134' title='bbox 797 827 835 848; x_wconf 89' lang='lat' dir='ltr'><strong>ne</strong></span> <span class='ocrx_word' id='word_1_135' title='bbox 855 817 928 858; x_wconf 82' lang='lat' dir='ltr'><strong>quid</strong></span> <span class='ocrx_word' id='word_1_136' title='bbox 944 816 1100 853; x_wconf 78' lang='lat' dir='ltr'><strong>serviliter,</strong></span> 
     </span>
     <span class='ocr_line' id='line_1_19' title="bbox 213 860 1103 902; baseline -0.003 -11"><span class='ocrx_word' id='word_1_137' title='bbox 213 861 437 892; x_wconf 79' lang='lat' dir='ltr'><strong>muliebriterve</strong></span> <span class='ocrx_word' id='word_1_138' title='bbox 460 861 615 891; x_wconf 85' lang='lat' dir='ltr'><strong>faciamus.</strong></span> <span class='ocrx_word' id='word_1_139' title='bbox 648 862 686 891; x_wconf 94' lang='lat' dir='ltr'><strong>In</strong></span> <span class='ocrx_word' id='word_1_140' title='bbox 710 861 876 902; x_wconf 86' lang='lat' dir='ltr'><strong>primisque</strong></span> <span class='ocrx_word' id='word_1_141' title='bbox 900 860 1046 890; x_wconf 86' lang='lat' dir='ltr'><strong>refutetur</strong></span> <span class='ocrx_word' id='word_1_142' title='bbox 1067 869 1103 889; x_wconf 86' lang='lat' dir='ltr'><strong>ac</strong></span> 
     </span>
     <span class='ocr_line' id='line_1_20' title="bbox 213 903 1102 944; baseline -0.003 -10"><span class='ocrx_word' id='word_1_143' title='bbox 213 904 365 944; x_wconf 82' lang='lat' dir='ltr'><strong>rejiciatur</strong></span> <span class='ocrx_word' id='word_1_144' title='bbox 376 904 588 934; x_wconf 81' lang='lat' dir='ltr'><strong>Philoctetaeus</strong></span> <span class='ocrx_word' id='word_1_145' title='bbox 600 904 651 934; x_wconf 90' lang='lat' dir='ltr'><strong>ille</strong></span> <span class='ocrx_word' id='word_1_146' title='bbox 662 905 783 934; x_wconf 86' lang='lat' dir='ltr'><strong>clamor.</strong></span> <span class='ocrx_word' id='word_1_147' title='bbox 809 903 1010 944; x_wconf 87' lang='lat' dir='ltr'><strong>Ingemiscere</strong></span> <span class='ocrx_word' id='word_1_148' title='bbox 1026 911 1102 932; x_wconf 73' lang='lat' dir='ltr'><strong>non-</strong></span> 
     </span>
     <span class='ocr_line' id='line_1_21' title="bbox 212 946 1104 988; baseline -0.003 -11"><span class='ocrx_word' id='word_1_149' title='bbox 212 957 373 988; x_wconf 84' lang='lat' dir='ltr'><strong>nunquam</strong></span> <span class='ocrx_word' id='word_1_150' title='bbox 394 947 457 977; x_wconf 84' lang='lat' dir='ltr'><strong>viro</strong></span> <span class='ocrx_word' id='word_1_151' title='bbox 478 957 650 978; x_wconf 86' lang='lat' dir='ltr'><strong>concessum</strong></span> <span class='ocrx_word' id='word_1_152' title='bbox 671 953 725 984; x_wconf 88' lang='lat' dir='ltr'><strong>est,</strong></span> <span class='ocrx_word' id='word_1_153' title='bbox 750 947 841 988; x_wconf 86' lang='lat' dir='ltr'><strong>idque</strong></span> <span class='ocrx_word' id='word_1_154' title='bbox 861 956 947 976; x_wconf 87' lang='lat' dir='ltr'><strong>raro:</strong></span> <span class='ocrx_word' id='word_1_155' title='bbox 972 946 1104 985; x_wconf 88' lang='lat' dir='ltr'><strong>ejulatus</strong></span> 
     </span>
     <span class='ocr_line' id='line_1_22' title="bbox 212 989 1103 1030; baseline -0.003 -10"><span class='ocrx_word' id='word_1_156' title='bbox 212 1000 253 1021; x_wconf 86' lang='lat' dir='ltr'><strong>ne</strong></span> <span class='ocrx_word' id='word_1_157' title='bbox 267 989 387 1020; x_wconf 89' lang='lat' dir='ltr'><strong>mulieri</strong></span> <span class='ocrx_word' id='word_1_158' title='bbox 403 990 546 1030; x_wconf 88' lang='lat' dir='ltr'><strong>quidem:</strong></span> <span class='ocrx_word' id='word_1_159' title='bbox 565 996 593 1020; x_wconf 85' lang='lat' dir='ltr'><strong>et</strong></span> <span class='ocrx_word' id='word_1_160' title='bbox 608 990 657 1020; x_wconf 91' lang='lat' dir='ltr'><strong>hic</strong></span> <span class='ocrx_word' id='word_1_161' title='bbox 668 990 813 1020; x_wconf 88' lang='lat' dir='ltr'><strong>nimirum</strong></span> <span class='ocrx_word' id='word_1_162' title='bbox 830 995 873 1020; x_wconf 85' lang='lat' dir='ltr'><strong>est</strong></span> <span class='ocrx_word' id='word_1_163' title='bbox 887 990 992 1025; x_wconf 80' lang='lat' dir='ltr'><strong>lessus,</strong></span> <span class='ocrx_word' id='word_1_164' title='bbox 1009 998 1103 1028; x_wconf 88' lang='lat' dir='ltr'><strong>quem</strong></span> 
     </span>
     <span class='ocr_line' id='line_1_23' title="bbox 214 1032 1103 1063; baseline -0.003 0"><span class='ocrx_word' id='word_1_165' title='bbox 214 1033 375 1063; x_wconf 84' lang='lat' dir='ltr'><strong>duodecim</strong></span> <span class='ocrx_word' id='word_1_166' title='bbox 401 1033 512 1063; x_wconf 84' lang='lat' dir='ltr'><strong>tabulae</strong></span> <span class='ocrx_word' id='word_1_167' title='bbox 537 1033 568 1063; x_wconf 91' lang='lat' dir='ltr'><strong>in</strong></span> <span class='ocrx_word' id='word_1_168' title='bbox 592 1033 749 1063; x_wconf 86' lang='lat' dir='ltr'><strong>funeribus</strong></span> <span class='ocrx_word' id='word_1_169' title='bbox 774 1032 909 1063; x_wconf 83' lang='lat' dir='ltr'><strong>adhiberi</strong></span> <span class='ocrx_word' id='word_1_170' title='bbox 933 1036 1103 1062; x_wconf 72' lang='lat' dir='ltr'><strong>vetuerunt.</strong></span> 
     </span>
     <span class='ocr_line' id='line_1_24' title="bbox 214 1074 1106 1116; baseline -0.003 -10"><span class='ocrx_word' id='word_1_171' title='bbox 214 1076 283 1106; x_wconf 86' lang='lat' dir='ltr'><strong>Nec</strong></span> <span class='ocrx_word' id='word_1_172' title='bbox 298 1085 367 1106; x_wconf 91' lang='lat' dir='ltr'><strong>vero</strong></span> <span class='ocrx_word' id='word_1_173' title='bbox 381 1085 519 1116; x_wconf 86' lang='lat' dir='ltr'><strong>unquam</strong></span> <span class='ocrx_word' id='word_1_174' title='bbox 535 1086 572 1105; x_wconf 93' lang='lat' dir='ltr'><strong>ne</strong></span> <span class='ocrx_word' id='word_1_175' title='bbox 587 1076 756 1116; x_wconf 82' lang='lat' dir='ltr'><strong>ingemiscit</strong></span> <span class='ocrx_word' id='word_1_176' title='bbox 771 1075 895 1116; x_wconf 89' lang='lat' dir='ltr'><strong>quidem</strong></span> <span class='ocrx_word' id='word_1_177' title='bbox 910 1074 955 1105; x_wconf 85' lang='lat' dir='ltr'><strong>vir</strong></span> <span class='ocrx_word' id='word_1_178' title='bbox 970 1074 1055 1104; x_wconf 88' lang='lat' dir='ltr'><strong>fortis</strong></span> <span class='ocrx_word' id='word_1_179' title='bbox 1070 1083 1106 1103; x_wconf 87' lang='lat' dir='ltr'><strong>ac</strong></span> 
     </span>
     <span class='ocr_line' id='line_1_25' title="bbox 214 1117 1105 1159; baseline -0.003 -10"><span class='ocrx_word' id='word_1_180' title='bbox 214 1118 344 1159; x_wconf 82' lang='lat' dir='ltr'><strong>sapiens,</strong></span> <span class='ocrx_word' id='word_1_181' title='bbox 360 1118 419 1148; x_wconf 89' lang='lat' dir='ltr'><strong>nisi</strong></span> <span class='ocrx_word' id='word_1_182' title='bbox 432 1118 508 1149; x_wconf 86' lang='lat' dir='ltr'><strong>forte</strong></span> <span class='ocrx_word' id='word_1_183' title='bbox 523 1125 558 1149; x_wconf 82' lang='lat' dir='ltr'><strong>ut</strong></span> <span class='ocrx_word' id='word_1_184' title='bbox 573 1129 603 1149; x_wconf 83' lang='lat' dir='ltr'><strong>se</strong></span> <span class='ocrx_word' id='word_1_185' title='bbox 617 1119 753 1149; x_wconf 80' lang='lat' dir='ltr'><strong>intendat</strong></span> <span class='ocrx_word' id='word_1_186' title='bbox 768 1119 806 1148; x_wconf 81' lang='lat' dir='ltr'><strong>ad</strong></span> <span class='ocrx_word' id='word_1_187' title='bbox 821 1118 1007 1153; x_wconf 82' lang='lat' dir='ltr'><strong>firmitatem,</strong></span> <span class='ocrx_word' id='word_1_188' title='bbox 1023 1123 1057 1146; x_wconf 90' lang='lat' dir='ltr'><strong>ut</strong></span> <span class='ocrx_word' id='word_1_189' title='bbox 1073 1117 1105 1146; x_wconf 87' lang='lat' dir='ltr'><strong>in</strong></span> 
     </span>
     <span class='ocr_line' id='line_1_26' title="bbox 215 1161 1105 1202; baseline -0.003 -10"><span class='ocrx_word' id='word_1_190' title='bbox 215 1161 312 1192; x_wconf 83' lang='lat' dir='ltr'><strong>stadio</strong></span> <span class='ocrx_word' id='word_1_191' title='bbox 333 1171 465 1191; x_wconf 84' lang='lat' dir='ltr'><strong>cursores</strong></span> <span class='ocrx_word' id='word_1_192' title='bbox 489 1162 671 1199; x_wconf 82' lang='lat' dir='ltr'><strong>exclamant,</strong></span> <span class='ocrx_word' id='word_1_193' title='bbox 696 1171 789 1202; x_wconf 84' lang='lat' dir='ltr'><strong>quam</strong></span> <span class='ocrx_word' id='word_1_194' title='bbox 813 1161 947 1191; x_wconf 83' lang='lat' dir='ltr'><strong>maxime</strong></span> <span class='ocrx_word' id='word_1_195' title='bbox 969 1166 1105 1201; x_wconf 88' lang='lat' dir='ltr'><strong>possunt.</strong></span> 
     </span>
     <span class='ocr_line' id='line_1_27' title="bbox 216 1203 1107 1244; baseline -0.002 -10"><span class='ocrx_word' id='word_1_196' title='bbox 216 1204 349 1234; x_wconf 88' lang='lat' dir='ltr'><strong>Faciunt</strong></span> <span class='ocrx_word' id='word_1_197' title='bbox 374 1204 466 1242; x_wconf 89' lang='lat' dir='ltr'><strong>idem,</strong></span> <span class='ocrx_word' id='word_1_198' title='bbox 498 1214 568 1234; x_wconf 86' lang='lat' dir='ltr'><strong>cum</strong></span> <span class='ocrx_word' id='word_1_199' title='bbox 595 1211 782 1241; x_wconf 83' lang='lat' dir='ltr'><strong>exercentur,</strong></span> <span class='ocrx_word' id='word_1_200' title='bbox 813 1204 954 1233; x_wconf 81' lang='lat' dir='ltr'><strong>athletae:</strong></span> <span class='ocrx_word' id='word_1_201' title='bbox 988 1203 1107 1244; x_wconf 86' lang='lat' dir='ltr'><strong>pugiles</strong></span> 
     </span>
     <span class='ocr_line' id='line_1_28' title="bbox 217 1245 1108 1285; baseline -0.002 -8"><span class='ocrx_word' id='word_1_202' title='bbox 217 1257 298 1283; x_wconf 92' lang='lat' dir='ltr'><strong>vero,</strong></span> <span class='ocrx_word' id='word_1_203' title='bbox 323 1246 413 1277; x_wconf 84' lang='lat' dir='ltr'><strong>etiam</strong></span> <span class='ocrx_word' id='word_1_204' title='bbox 439 1257 509 1277; x_wconf 91' lang='lat' dir='ltr'><strong>cum</strong></span> <span class='ocrx_word' id='word_1_205' title='bbox 533 1247 645 1277; x_wconf 86' lang='lat' dir='ltr'><strong>feriunt</strong></span> <span class='ocrx_word' id='word_1_206' title='bbox 669 1247 884 1283; x_wconf 86' lang='lat' dir='ltr'><strong>adversarium,</strong></span> <span class='ocrx_word' id='word_1_207' title='bbox 908 1246 940 1276; x_wconf 90' lang='lat' dir='ltr'><strong>in</strong></span> <span class='ocrx_word' id='word_1_208' title='bbox 958 1245 1108 1285; x_wconf 85' lang='lat' dir='ltr'><strong>jactandis</strong></span> 
     </span>
     <span class='ocr_line' id='line_1_29' title="bbox 217 1289 1109 1330; baseline -0.002 -10"><span class='ocrx_word' id='word_1_209' title='bbox 217 1290 593 1330; x_wconf 73' lang='lat' dir='ltr'><strong>caestibusinge1niseunt3</strong></span> <span class='ocrx_word' id='word_1_210' title='bbox 617 1300 690 1327; x_wconf 90' lang='lat' dir='ltr'><strong>non,</strong></span> <span class='ocrx_word' id='word_1_211' title='bbox 714 1290 795 1330; x_wconf 87' lang='lat' dir='ltr'><strong>quod</strong></span> <span class='ocrx_word' id='word_1_212' title='bbox 813 1290 945 1326; x_wconf 78' lang='lat' dir='ltr'><strong>doleant,</strong></span> <span class='ocrx_word' id='word_1_213' title='bbox 969 1289 1109 1319; x_wconf 86' lang='lat' dir='ltr'><strong>animove</strong></span> 
     </span>
     <span class='ocr_line' id='line_1_30' title="bbox 216 1332 1107 1374; baseline -0.001 -11"><span class='ocrx_word' id='word_1_214' title='bbox 216 1333 427 1369; x_wconf 78' lang='lat' dir='ltr'><strong>succumbant,</strong></span> <span class='ocrx_word' id='word_1_215' title='bbox 451 1332 502 1363; x_wconf 87' lang='lat' dir='ltr'><strong>sed</strong></span> <span class='ocrx_word' id='word_1_216' title='bbox 523 1333 595 1374; x_wconf 88' lang='lat' dir='ltr'><strong>quia</strong></span> <span class='ocrx_word' id='word_1_217' title='bbox 614 1332 826 1374; x_wconf 81' lang='lat' dir='ltr'><strong>profundenda</strong></span> <span class='ocrx_word' id='word_1_218' title='bbox 846 1343 916 1363; x_wconf 89' lang='lat' dir='ltr'><strong>voce</strong></span> <span class='ocrx_word' id='word_1_219' title='bbox 931 1342 1022 1362; x_wconf 85' lang='lat' dir='ltr'><strong>omne</strong></span> <span class='ocrx_word' id='word_1_220' title='bbox 1043 1342 1107 1362; x_wconf 89' lang='lat' dir='ltr'><strong>cor-</strong></span> 
     </span>
     <span class='ocr_line' id='line_1_31' title="bbox 217 1375 958 1416; baseline -0.001 -11"><span class='ocrx_word' id='word_1_221' title='bbox 217 1386 276 1416; x_wconf 88' lang='lat' dir='ltr'><strong>pus</strong></span> <span class='ocrx_word' id='word_1_222' title='bbox 290 1375 467 1413; x_wconf 86' lang='lat' dir='ltr'><strong>intenditur,</strong></span> <span class='ocrx_word' id='word_1_223' title='bbox 484 1376 625 1416; x_wconf 88' lang='lat' dir='ltr'><strong>venitque</strong></span> <span class='ocrx_word' id='word_1_224' title='bbox 640 1376 731 1416; x_wconf 83' lang='lat' dir='ltr'><strong>plaga</strong></span> <span class='ocrx_word' id='word_1_225' title='bbox 746 1375 958 1406; x_wconf 85' lang='lat' dir='ltr'><strong>vehementior.</strong></span> 
     </span>
    </p>

    <p class='ocr_par' dir='ltr' id='par_1_3' title="bbox 217 1418 1109 1761">
     <span class='ocr_line' id='line_1_32' title="bbox 260 1418 1107 1459; baseline -0.001 -11"><span class='ocrx_word' id='word_1_226' title='bbox 260 1418 389 1448; x_wconf 88' lang='lat' dir='ltr'>XXIV.</span> <span class='ocrx_word' id='word_1_227' title='bbox 414 1418 500 1455; x_wconf 87' lang='lat' dir='ltr'><strong>Quid</strong></span> <span class='ocrx_word' id='word_1_228' title='bbox 512 1421 525 1449; x_wconf 73' lang='grc' dir='ltr'><em>Ρ</em></span> <span class='ocrx_word' id='word_1_229' title='bbox 541 1419 594 1459; x_wconf 94' lang='lat' dir='ltr'><strong>qui</strong></span> <span class='ocrx_word' id='word_1_230' title='bbox 607 1419 713 1449; x_wconf 89' lang='lat' dir='ltr'><strong>volunt</strong></span> <span class='ocrx_word' id='word_1_231' title='bbox 725 1419 893 1449; x_wconf 77' lang='lat' dir='ltr'><strong>exclamare</strong></span> <span class='ocrx_word' id='word_1_232' title='bbox 903 1419 1015 1457; x_wconf 83' lang='lat' dir='ltr'><strong>majus,</strong></span> <span class='ocrx_word' id='word_1_233' title='bbox 1031 1427 1107 1448; x_wconf 87' lang='lat' dir='ltr'><strong>num</strong></span> 
     </span>
     <span class='ocr_line' id='line_1_33' title="bbox 219 1461 1108 1502; baseline -0.001 -11"><span class='ocrx_word' id='word_1_234' title='bbox 219 1461 290 1491; x_wconf 85' lang='lat' dir='ltr'><strong>satis</strong></span> <span class='ocrx_word' id='word_1_235' title='bbox 305 1461 419 1491; x_wconf 84' lang='lat' dir='ltr'><strong>habent</strong></span> <span class='ocrx_word' id='word_1_236' title='bbox 432 1461 537 1499; x_wconf 83' lang='lat' dir='ltr'><strong>latera,</strong></span> <span class='ocrx_word' id='word_1_237' title='bbox 554 1461 665 1499; x_wconf 88' lang='lat' dir='ltr'><strong>fauces,</strong></span> <span class='ocrx_word' id='word_1_238' title='bbox 681 1461 819 1502; x_wconf 85' lang='lat' dir='ltr'><strong>linguam</strong></span> <span class='ocrx_word' id='word_1_239' title='bbox 834 1461 999 1497; x_wconf 77' lang='lat' dir='ltr'><strong>intendere,</strong></span> <span class='ocrx_word' id='word_1_240' title='bbox 1013 1471 1028 1490; x_wconf 91' lang='lat' dir='ltr'><strong>e</strong></span> <span class='ocrx_word' id='word_1_241' title='bbox 1040 1461 1108 1501; x_wconf 90' lang='lat' dir='ltr'><strong>qui-</strong></span> 
     </span>
     <span class='ocr_line' id='line_1_34' title="bbox 218 1504 1107 1544; baseline -0.001 -10"><span class='ocrx_word' id='word_1_242' title='bbox 218 1505 276 1534; x_wconf 89' lang='lat' dir='ltr'><strong>bus</strong></span> <span class='ocrx_word' id='word_1_243' title='bbox 301 1504 367 1543; x_wconf 87' lang='lat' dir='ltr'><strong>ejici</strong></span> <span class='ocrx_word' id='word_1_244' title='bbox 388 1514 503 1541; x_wconf 89' lang='lat' dir='ltr'><strong>vocem,</strong></span> <span class='ocrx_word' id='word_1_245' title='bbox 529 1511 559 1535; x_wconf 90' lang='lat' dir='ltr'><strong>et</strong></span> <span class='ocrx_word' id='word_1_246' title='bbox 578 1504 666 1535; x_wconf 86' lang='lat' dir='ltr'><strong>fundi</strong></span> <span class='ocrx_word' id='word_1_247' title='bbox 687 1505 849 1535; x_wconf 80' lang='lat' dir='ltr'><strong>videmus?</strong></span> <span class='ocrx_word' id='word_1_248' title='bbox 873 1504 954 1535; x_wconf 90' lang='lat' dir='ltr'><strong>Toto</strong></span> <span class='ocrx_word' id='word_1_249' title='bbox 974 1514 1107 1544; x_wconf 86' lang='lat' dir='ltr'><strong>corpore,</strong></span> 
     </span>
     <span class='ocr_line' id='line_1_35' title="bbox 217 1546 1109 1588; baseline 0 -12"><span class='ocrx_word' id='word_1_250' title='bbox 217 1552 310 1587; x_wconf 80' lang='lat' dir='ltr'><strong>atque</strong></span> <span class='ocrx_word' id='word_1_251' title='bbox 325 1546 467 1577; x_wconf 90' lang='lat' dir='ltr'><strong>omnibus</strong></span> <span class='ocrx_word' id='word_1_252' title='bbox 481 1548 616 1588; x_wconf 85' lang='lat' dir='ltr'><strong>ungulis,</strong></span> <span class='ocrx_word' id='word_1_253' title='bbox 640 1553 675 1577; x_wconf 90' lang='lat' dir='ltr'><strong>ut</strong></span> <span class='ocrx_word' id='word_1_254' title='bbox 690 1547 809 1585; x_wconf 87' lang='lat' dir='ltr'><strong>dicitur,</strong></span> <span class='ocrx_word' id='word_1_255' title='bbox 832 1546 1014 1577; x_wconf 85' lang='lat' dir='ltr'><strong>contentioni</strong></span> <span class='ocrx_word' id='word_1_256' title='bbox 1029 1547 1109 1577; x_wconf 88' lang='lat' dir='ltr'><strong>vocis</strong></span> 
     </span>
     <span class='ocr_line' id='line_1_36' title="bbox 218 1589 1106 1629; baseline -0.001 -9"><span class='ocrx_word' id='word_1_257' title='bbox 218 1589 394 1620; x_wconf 81' lang='lat' dir='ltr'><strong>asserviunt.</strong></span> <span class='ocrx_word' id='word_1_258' title='bbox 428 1590 530 1627; x_wconf 88' lang='lat' dir='ltr'><strong>Genu,</strong></span> <span class='ocrx_word' id='word_1_259' title='bbox 555 1590 737 1629; x_wconf 83' lang='lat' dir='ltr'><strong>mehercule,</strong></span> <span class='ocrx_word' id='word_1_260' title='bbox 762 1591 811 1620; x_wconf 86' lang='lat' dir='ltr'><strong>M.</strong></span> <span class='ocrx_word' id='word_1_261' title='bbox 834 1590 1008 1620; x_wconf 88' lang='lat' dir='ltr'><strong>Antonium</strong></span> <span class='ocrx_word' id='word_1_262' title='bbox 1033 1589 1106 1627; x_wconf 89' lang='lat' dir='ltr'><strong>vidi,</strong></span> 
     </span>
     <span class='ocr_line' id='line_1_37' title="bbox 218 1633 1108 1674; baseline 0 -12"><span class='ocrx_word' id='word_1_263' title='bbox 218 1642 290 1662; x_wconf 87' lang='lat' dir='ltr'><strong>cum</strong></span> <span class='ocrx_word' id='word_1_264' title='bbox 305 1638 443 1663; x_wconf 88' lang='lat' dir='ltr'><strong>contente</strong></span> <span class='ocrx_word' id='word_1_265' title='bbox 458 1643 512 1673; x_wconf 91' lang='lat' dir='ltr'><strong>pro</strong></span> <span class='ocrx_word' id='word_1_266' title='bbox 533 1644 563 1663; x_wconf 87' lang='lat' dir='ltr'><strong>se</strong></span> <span class='ocrx_word' id='word_1_267' title='bbox 582 1634 646 1674; x_wconf 91' lang='lat' dir='ltr'><strong>ipse</strong></span> <span class='ocrx_word' id='word_1_268' title='bbox 665 1634 731 1673; x_wconf 83' lang='lat' dir='ltr'><strong>lege</strong></span> <span class='ocrx_word' id='word_1_269' title='bbox 751 1633 782 1664; x_wconf 86' lang='lat' dir='ltr'>V</span> <span class='ocrx_word' id='word_1_270' title='bbox 784 1633 847 1663; x_wconf 54' lang='lat' dir='ltr'><strong>aria</strong></span> <span class='ocrx_word' id='word_1_271' title='bbox 861 1633 981 1669; x_wconf 80' lang='lat' dir='ltr'><strong>diceret,</strong></span> <span class='ocrx_word' id='word_1_272' title='bbox 998 1639 1108 1663; x_wconf 89' lang='lat' dir='ltr'><strong>terram</strong></span> 
     </span>
     <span class='ocr_line' id='line_1_38' title="bbox 219 1676 1107 1717; baseline 0.001 -13"><span class='ocrx_word' id='word_1_273' title='bbox 219 1681 350 1715; x_wconf 82' lang='lat' dir='ltr'><strong>tangere.</strong></span> <span class='ocrx_word' id='word_1_274' title='bbox 382 1676 427 1706; x_wconf 79' lang='lat' dir='ltr'><strong>Ut</strong></span> <span class='ocrx_word' id='word_1_275' title='bbox 451 1676 531 1706; x_wconf 86' lang='lat' dir='ltr'><strong>enim</strong></span> <span class='ocrx_word' id='word_1_276' title='bbox 547 1677 675 1707; x_wconf 74' lang='lat' dir='ltr'><strong>ballistas·</strong></span> <span class='ocrx_word' id='word_1_277' title='bbox 694 1676 844 1717; x_wconf 85' lang='lat' dir='ltr'><strong>lapidum,</strong></span> <span class='ocrx_word' id='word_1_278' title='bbox 862 1683 890 1706; x_wconf 90' lang='lat' dir='ltr'><strong>et</strong></span> <span class='ocrx_word' id='word_1_279' title='bbox 910 1676 1027 1716; x_wconf 84' lang='lat' dir='ltr'><strong>reliqua</strong></span> <span class='ocrx_word' id='word_1_280' title='bbox 1047 1681 1107 1705; x_wconf 86' lang='lat' dir='ltr'><strong>tor-</strong></span> 
     </span>
     <span class='ocr_line' id='line_1_39' title="bbox 220 1719 1107 1761; baseline 0 -12"><span class='ocrx_word' id='word_1_281' title='bbox 220 1724 325 1750; x_wconf 83' lang='lat' dir='ltr'><strong>menta</strong></span> <span class='ocrx_word' id='word_1_282' title='bbox 340 1719 482 1759; x_wconf 83' lang='lat' dir='ltr'><strong>telorum,</strong></span> <span class='ocrx_word' id='word_1_283' title='bbox 500 1730 535 1752; x_wconf 86' lang='lat' dir='ltr'><strong>eo</strong></span> <span class='ocrx_word' id='word_1_284' title='bbox 550 1720 701 1761; x_wconf 81' lang='lat' dir='ltr'><strong>graviores</strong></span> <span class='ocrx_word' id='word_1_285' title='bbox 717 1720 890 1753; x_wconf 81' lang='lat' dir='ltr'><strong>emissiones</strong></span> <span class='ocrx_word' id='word_1_286' title='bbox 905 1719 1028 1759; x_wconf 84' lang='lat' dir='ltr'><strong>habent,</strong></span> <span class='ocrx_word' id='word_1_287' title='bbox 1046 1729 1107 1759; x_wconf 86' lang='lat' dir='ltr'><strong>quo</strong></span> 
     </span>
    </p>
   </div>
   <div class='ocr_carea' id='block_1_3' title="bbox 1162 0 1226 1935">
    <p class='ocr_par' dir='ltr' id='par_1_4' title="bbox 1162 0 1226 1935">
     <span class='ocr_line' id='line_1_40' title="bbox 1162 0 1226 1935; baseline 0 0"><span class='ocrx_word' id='word_1_288' title='bbox 1162 0 1226 1935; x_wconf 95' lang='lat' dir='ltr'><strong> </strong></span> 
     </span>
    </p>
   </div>
  </div>
 </body>
</html>
