1226 1935
272 77 335 109 DE
358 78 556 117 FINIBUS,
579 77 660 109 Lm.
678 77 743 109 ΙΙΙ.
768 76 852 108 Cn.
868 78 899 108 5.
1012 77 1034 113 7

145 162 335 202 videbantur,
358 175 428 205 quae
449 174 530 196 nunc
552 163 738 195 consuetudo
760 162 905 194 diuturna
927 162 1034 200 trivit3

146 205 220 246 quid
235 216 334 237 censes
349 207 380 237 in
397 207 508 238 Latino
523 207 608 238 fore?

189 248 376 280 Faciendum
391 250 423 280 id
438 250 559 291 quidem
579 255 633 287 est„
649 249 787 298 inquam.
819 248 853 280 Si
874 247 956 278 enim
978 247 1036 278 Ze-

145 291 219 321 noni
233 291 328 329 licuit,
345 303 416 323 cum
431 303 495 323 rem
511 293 646 334 aliquam
667 292 829 322 invenisset
848 282 1036 329 inusitatam,

145 333 318 364 inauditum
334 346 456 376 quoque
472 336 498 366 ei
514 336 555 366 rei
576 345 687 365 nomen
702 335 879 375 imponere;
904 343 957 363 cur
975 343 1036 363 non

146 376 234 407 liceat
249 378 383 409 Catoni?
416 379 483 408 Nec
498 384 600 409 tamen
616 377 747 418 exprimi
763 377 890 407 verbum
911 387 927 406 e
946 377 1038 406 verbo

146 429 263 450 necesse
283 421 349 457 erit,
372 427 407 450 ut
426 421 600 462 interpretes
622 420 758 450 indiserti
781 419 887 456 solent,
909 429 980 449 cum
1001 418 1039 448 sit

147 463 285 501 verbum,
303 464 385 504 quod
400 464 482 494 idem
497 464 637 500 declaret,
651 463 748 503 magis
760 462 915 493 usitatum.
939 461 1039 502 Equi-

147 504 217 534 dem
232 506 311 536 soleo
327 507 429 543 etiam,
447 507 529 547 quod
544 517 605 537 uno
622 506 732 542 Graeci,
749 505 774 535 si
789 505 875 535 aliter
895 514 956 534 non
971 514 1040 545 pos-

147 558 228 585 sum,
245 548 326 578 idem
343 550 481 590 pluribus
497 550 594 580 verbis
610 559 778 590 exponere:
803 554 833 578 et
847 554 948 577 tamen
964 552 1041 587 puto

147 591 269 621 concedi
290 592 376 623 nobis
397 599 543 633 oportere,
565 599 600 622 ut
621 592 728 622 Graeoo
749 592 839 621 verbo
859 597 995 626 utamur,
1017 589 1042 619 si

148 634 271 674 quando
285 635 387 665 minus
398 642 532 666 occurret
544 635 702 673 Latinum,
719 644 757 664 ne
772 634 829 664 hoc
844 634 996 673 ephippiis
1012 639 1042 662 et

147 687 183 705 αι
187 678 358 717 ratoplcoris
373 679 484 718 potius,
498 689 592 719 quam
603 678 811 718 Ρνοὲἕφηιιιίε,
829 682 858 706 et
873 677 1042 716 apopro'e'g-

148 722 257 756 meni-r,
274 721 472 751 concedatur.
496 731 684 762 quamquam
700 720 764 752 haec
779 719 904 761 quidem
917 728 1042 767 praepo-

149 764 209 792 sita
222 770 310 801 recte,
323 770 352 793 et
366 766 485 803 rtjtcta,
498 764 595 794 dicere
606 764 716 794 licebit.
737 763 823 793 Bene
833 762 918 799 facis,
929 761 1041 802 inquit,

150 805 233 846 quod
247 816 297 836 me
311 806 453 845 adjuvzas
474 813 503 837 et
518 807 581 837 istis
594 807 729 847 quidem,
743 817 812 846 quae
823 804 915 835 modo
926 803 1042 841 dixisti,

149 855 218 878 utar
239 849 338 889 potius
355 849 492 880 Latinis·
516 850 548 879 in
564 849 676 879 caeteris
691 848 860 885 subvenies,
877 847 902 877 si
916 857 966 877 me
980 847 1044 876 hae-

150 898 266 922 rentem
279 892 402 923 videbis.
426 892 572 929 Sedulo,'
564 902 703 933 inquam,
717 891 837 922 faciam.
861 890 922 921 Sed
935 893 956 907 “
968 889 1043 919 For-

151 941 226 965 tuna
240 935 352 965 fortes''
433 936 566 973 ‚Quare
587 945 706 973 conare,
722 944 844 976 quaeso·
870 933 946 974 quid
961 932 1043 962 8111111

150 977 207 1008 hoc
222 988 383 1018 possumus
399 990 486 1019 agere
501 978 658 1009 divinius?

195 1021 235 1051 V.
270 1021 373 1051 Placet
387 1022 446 1060 his,
469 1021 580 1062 inquit,
597 1030 729 1062 quorum
749 1020 824 1050 ratio
839 1018 918 1049 mihi
933 1019 1043 1059 proba-

151 1070 213 1101 tur,
230 1063 322 1094 simul
333 1071 453 1112 atque
434 1071 542 1094 natum
552 1064 590 1094 sit
600 1064 725 1100 animal,
740 1063 823 1097 (hinc
840 1063 921 1092 enim
938 1067 982 1091 est
996 1071 1044 1091 or-

152 1106 341 1144 diendum)
333 1118 435 1148 1psum
450 1108 509 1138 sibi
525 1107 676 1137 conciliari
692 1112 721 1136 et
736 1104 942 1136 commendari
957 1103 996 1134 ad
1011 1114 1043 1134 se

152 1150 404 1188 conservandum,
430 1157 460 1181 et
479 1150 518 1180 ad
543 1161 634 1181 suum
658 1156 783 1187 statum,
807 1155 836 1178 et
858 1147 898 1178 ad
920 1158 954 1178 ea
975 1158 1045 1188 quae

153 1193 359 1223 conservantia
375 1200 444 1223 sunt
460 1195 524 1233 ejus
538 1195 642 1231 statius,
655 1191 829 1233 Qendag
854 1191 978 1221 alienari
990 1201 1044 1220 au-

152 1242 213 1266 tem
230 1237 268 1265 ab
283 1236 418 1273 interitu,
435 1237 532 1277 iisque
547 1237 637 1266 rebus
652 1247 722 1276 quae
742 1235 899 1265 interitum
920 1233 1045 1264 videan-

152 1285 203 1309 tur
217 1279 331 1309 afferre
356 1280 394 1310 Id
409 1280 452 1310 ita
467 1290 528 1310 esse
544 1279 585 1309 sic
601 1280 741 1320 probant,
759 1277 852 1318 quod,
864 1282 934 1307 ante
949 1286 1045 1317 quam

153 1322 292 1362 voluptas
307 1329 361 1352 aut
375 1323 460 1353 dolor
475 1322 618 1363 attigerit,
635 1321 778 1352 salutaria
790 1326 934 1361 appetant
946 1319 1044 1359 parvi,

153 1364 431 1406 adspernenturque
447 1365 616 1395 contraria·
631 1364 714 1406 quod
729 1374 788 1394 non
805 1363 900 1399 fieret,
918 1362 976 1392 nisi
986 1368 1046 1392 sta-

153 1414 221 1437 tum
240 1418 332 1438 suum
347 1408 518 1449 diligerent,
535 1408 693 1438 interitum
710 1407 860 1437 timerent.
893 1405 975 1435 Fieri
991 1415 1046 1434 au-

154 1457 217 1481 tem
236 1460 297 1480 non
319 1458 429 1492 posset,
446 1457 481 1481 ut
503 1456 678 1492 appeterent
699 1449 827 1490 aliquid,
844 1448 902 1479 11151
924 1458 1047 1478 5811511111

154 1493 300 1524 haberent
326 1494 384 1531 sui,
412 1504 507 1535 eoque
531 1504 562 1524 se
588 1500 617 1524 et
641 1504 696 1523 sua
720 1493 900 1533 diligerent.
925 1502 963 1521 ex
986 1501 1047 1532 quo

153 1536 283 1577 intelligi
298 1537 398 1576 debet,
415 1537 600 1578 principium
616 1536 744 1567 ductum
759 1546 822 1566 esse
837 1545 856 1565 a
871 1545 901 1565 se
916 1534 1046 1575 diligen-

156 1579 188 1609 di
204 1579 259 1610 sui.

200 1622 239 1652 In
268 1623 423 1671 principiis
448 1630 552 1653 autem
577 1622 767 1653 naturalibus
794 1620 959 1661 [diligendi
984 1619 1047 1659 sui]

156 1665 189 1705 pl
191 1665 293 1706 erique
314 1666 407 1696 Stoici
428 1676 489 1696 non
510 1673 621 1707 putant
643 1665 830 1712 voluptateni
849 1674 911 1694 esse
932 1672 1049 1703 ponen-

156 1707 239 1737 dam
278 1708 401 1746 Quibus
422 1720 477 1750 ego
494 1709 686 1739 iehemcnter
702 1707 865 1741 assentior;
890 1717 940 1742 ne,
958 1705 981 1736 si
997 1715 1049 1734 1ο-

155 1751 306 1791 luptatem
331 1734 458 1783 naturab
462 1752 595 1793 posuisse
610 1752 641 1783 111
657 1751 693 1782 115
707 1752 796 1782 rebus
812 1750 960 1787 videatur,
982 1758 1050 1790 quae
