1226 1935
240 45 364 77 TUSC.
378 46 551 85 QUAEST.
566 46 644 77 Lm.
663 46 703 77 V.
717 45 800 77 Cn.
818 47 866 77 12.
930 45 994 76 263

102 140 171 161 rum
187 141 249 162 esse
264 131 430 173 sapientem
443 134 456 163 ἓ
481 133 555 163 Non
570 132 663 174 igitur
678 142 716 163 ex
731 132 858 173 singulis
870 132 994 163 vocibus

102 174 273 216 phiiosophi
288 175 442 216 spectandi
457 182 539 214 sunt,
556 175 607 207 sed
628 186 666 206 ex
681 176 881 217 perpetuitate
900 182 993 217 atque

101 218 277 248 constanti-21.

145 260 206 291 XI.
231 262 378 292 Auditor.
401 261 541 293 Adducis
556 272 617 299 me,
634 268 669 292 ut
684 261 739 292 tibi
754 261 907 292 assentiar.
932 261 993 293 Sed

102 309 156 333 tua
176 314 308 345 quoque,
332 305 410 342 vide,
433 315 470 335 ne
491 305 676 335 desideretur
695 305 870 335 constantia.
894 306 992 335 Μαν-

101 357 163 375 cns.
182 347 327 384 Quonam
343 348 434 378 modo
447 350 460 379 ?
484 348 631 378 Auditor.
656 348 740 386 Quia
753 348 814 388 legi
828 354 918 378 tuum
934 358 992 378 nu-

96 399 150 429 per
171 397 315 431 quartum
339 393 362 408 “
378 391 415 421 de
431 391 568 422 Finibus.
572 392 592 404 '⁹
625 391 663 422 In
686 401 720 421 eo
740 391 818 421 mihi
840 391 990 428 videbare,

100 439 205 463 contra
219 433 368 464 Catonern
385 434 541 472 disserens,
552 434 609 465 hoc
619 435 695 465 velle
710 434 877 472 ostendere,
895 434 993 476 (quod

99 475 176 505 mihi
192 476 315 517 quidem
331 478 489 518 probatur)
502 478 579 507 inter
595 478 750 508 Zenonem
767 483 796 508 et
813 477 904 518 Perip
906 477 993 507 ateti-

99 529 132 548 c(
134 530 147 548 s
163 519 239 549 nihil
254 526 362 561 praeter
372 522 531 551 verborum
543 521 707 551 novitatem
722 520 873 551 interesse.
884 489 993 569 pQuod

98 562 122 591 si
143 562 186 592 ita
206 569 261 600 est,
289 563 363 604 quid
388 569 431 594 est
455 574 563 600 causae,
580 564 667 605 quin,
684 564 708 594 si
730 564 861 594 Zenonis
884 563 992 594 rationi

97 612 331 636 consentaneum
347 607 396 645 sit,
414 607 484 638 satis
500 617 645 647 magnam
662 607 724 637 vim
744 607 776 636 in
798 607 908 637 virtute
929 617 993 637 esse

97 647 136 678 ad
152 650 238 679 beate
253 649 429 687 vivendum,
445 651 534 680 liceat
549 650 630 680 idem
648 650 855 690 Peripateticis
870 650 991 680 dicere?

99 691 178 721 Rem
195 692 276 722 enim
291 693 398 733 opinor
413 693 540 734 spectari
555 700 701 734 oportere,
718 703 779 723 non
795 695 894 724 verba.

140 735 277 766 Marcus.
302 736 353 766 'ru
376 736 500 777 quidem
522 736 640 767 tabellis
660 736 825 777 obsignatis
840 736 904 777 agis
926 746 992 766 me-

97 788 188 808 cum:
222 785 252 809 et
278 779 454 816 testificaris,
483 779 558 820 quid
582 779 712 810 dixerim
737 780 912 820 aliquando,
938 784 992 810 aut

95 821 274 862 scripserim.
310 822 391 853 Cum
407 823 472 853 aliis
492 823 549 853 isto
565 822 667 859 modo,
685 822 739 863 qui
758 823 876 863 legibus
892 823 991 863 impo-

96 864 160 894 sitis
175 865 341 906 disputant.
377 866 444 896 Nos
458 866 489 896 in
506 866 586 896 diem
599 866 739 896 vivimus.
764 865 992 907 Quodcumque

96 914 212 938 nostros
236 909 353 939 animos
376 910 588 950 probabilitate
609 909 765 950 percussit,
787 909 819 939 id
839 909 989 939 dicimus:

95 951 198 992 itaque
214 952 268 982 soli
284 963 389 983 sumus
409 953 504 983 liberi.
529 952 764 990 Verumtamen,
786 953 932 993 quoniam
953 952 991 983 de

61 1011 64 1015 t
95 995 263 1025 constantia
279 996 372 1036 paulo
387 1002 457 1026 ante
473 996 618 1033 diximus,
635 1006 696 1025 non
718 1006 774 1036 ego
794 996 851 1026 hoc
871 996 937 1026 loco
958 995 989 1025 id

95 1036 294 1078 ‹piaerendum
316 1045 402 1080 puto,
419 1049 566 1070 verumne
582 1039 630 1073 sit,
648 1039 730 1080 quod
747 1039 864 1069 Zenoni
884 1039 991 1080 placu-

95 1081 162 1119 erit,
188 1081 331 1123 quodque
355 1083 420 1122 ejus
444 1082 585 1120 auditori,
611 1082 761 1119 Aristoni,
787 1083 905 1113 bonum
926 1092 989 1113 esse

95 1124 206 1162 solum,
223 1125 305 1166 quod
320 1125 482 1157 honestum
498 1132 595 1157 esset:
620 1125 683 1163 sed,
704 1125 729 1156 si
749 1126 792 1156 ita
812 1131 898 1164 esset,
920 1131 988 1155 tum

95 1173 129 1197 ut
144 1167 201 1198 hoc
217 1174 326 1207 totum,
347 1170 434 1200 beate
446 1169 554 1200 vivere..
578 1169 610 1199 in
622 1169 685 1199 una
697 1169 808 1199 virtute
817 1174 988 1210 poneretur.

94 1210 200 1249 Quare
215 1211 321 1242 demus
336 1212 393 1243 hoc
409 1223 480 1243 sane
503 1213 613 1250 Bruto,
630 1218 665 1242 ut
686 1212 724 1242 sit
743 1213 850 1243 beatus
871 1222 991 1253 semper

94 1254 232 1294 sapiens:
258 1266 352 1296 quam
374 1256 430 1286 sibi
454 1256 623 1293 conveniat,
646 1256 709 1297 ipse
731 1255 848 1286 viderit.
882 1255 990 1286 Gloria

94 1297 219 1338 quidem
240 1298 333 1338 hujus
353 1299 509 1330 sententiae
529 1299 598 1340 quis
619 1305 663 1329 est
683 1299 736 1329 illo
756 1299 820 1329 viro
841 1299 960 1339 dignior
974 1300 988 1329 ?

95 1341 162 1371 Nos
183 1347 285 1371 tamen
307 1348 474 1380 teneamus,
491 1348 527 1373 ut
547 1342 586 1373 sit
600 1342 681 1372 idem
693 1342 907 1372 beatissimus:
933 1341 988 1373 etsi

94 1383 178 1414 Zeno
195 1385 322 1422 Citieus,
338 1385 454 1416 advena
469 1385 605 1427 quidem,
623 1391 652 1416 et
667 1385 809 1426 ignobilis
825 1386 988 1416 verborum

93 1427 207 1467 opifex,
229 1428 398 1459 insinuasse
422 1440 452 1459 se
470 1429 501 1459 in
520 1428 679 1470 antiquam
698 1428 924 1470 philosophiam
942 1428 988 1459 vi-

91 1469 189 1501 detur.

123 1513 204 1544 XII.
217 1514 323 1554 Hujus
334 1515 489 1546 sententiae
498 1515 629 1556 gravitas
638 1526 656 1545 a
667 1515 802 1545 Platonis
813 1513 991 1545 auctoritate

93 1563 266 1597 repetatur;
291 1558 374 1599 apud
388 1569 481 1600 quem
497 1569 575 1600 saepe
586 1559 651 1589 haec
665 1558 761 1589 oratio
777 1563 923 1599 usurpata
932 1563 988 1595 est,

92 1606 129 1630 ut
143 1600 221 1630 nihil
236 1607 344 1641 praeter
359 1601 501 1632 virtutem
519 1602 667 1632 diceretur
682 1603 820 1632 bonum:
846 1600 990 1639 velut,in

93 1645 117 1660 “
131 1642 281 1684 Gorgia,u
299 1646 445 1682 Socrates,
462 1655 533 1676 cum
549 1651 625 1676 esset
640 1655 677 1676 ex
693 1655 728 1675 eo
739 1645 915 1686 quaesitum,
926 1643 990 1674 Ar-

92 1685 245 1724 cheidum,
268 1687 419 1718 Perdit-cte
440 1688 552 1726 filium,
574 1689 628 1729 qui
643 1695 710 1719 tum
731 1687 990 1718 fortunatissimus

93 1729 266 1769 haberetur,
290 1740 391 1762 nonne
412 1733 538 1763 beatum
561 1733 708 1773 putaret?
733 1733 756 1749 “
774 1730 869 1761 Haud
894 1729 991 1777 scio,''

1214 1831 1226 1915 P‘wfi'
1217 1796 1226 1826 τ’
1215 1758 1222 1790 »4
1219 1742 1221 1746 Λ
1214 1732 1221 1736 ³
1215 1547 1226 1720 mm·
1218 1531 1224 1540 ι.
1218 1375 1226 1522 »za—..mn
1224 1364 1226 1370 .

1167 1888 1226 1935 ts
