<?xml version="1.0" encoding="UTF-8"?>
<!DOCTYPE html PUBLIC "-//W3C//DTD XHTML 1.0 Transitional//EN"
    "http://www.w3.org/TR/xhtml1/DTD/xhtml1-transitional.dtd">
<html xmlns="http://www.w3.org/1999/xhtml" xml:lang="en" lang="en">
 <head>
  <title>
</title>
<meta http-equiv="Content-Type" content="text/html;charset=utf-8" />
  <meta name='ocr-system' content='tesseract 3.04.00' />
  <meta name='ocr-capabilities' content='ocr_page ocr_carea ocr_par ocr_line ocrx_word'/>
</head>
<body>
  <div class='ocr_page' id='page_1' title='image "./operaern03ciceuoft_0103.png"; bbox 0 0 1226 1935; ppageno 0'>
   <div class='ocr_carea' id='block_1_1' title="bbox 293 39 1042 79">
    <p class='ocr_par' dir='ltr' id='par_1_1' title="bbox 293 39 1042 79">
     <span class='ocr_line' id='line_1_1' title="bbox 293 39 1042 79; baseline 0.003 -6"><span class='ocrx_word' id='word_1_1' title='bbox 293 41 355 73; x_wconf 88' lang='lat' dir='ltr'>DE</span> <span class='ocrx_word' id='word_1_2' title='bbox 380 40 579 79; x_wconf 78' lang='lat' dir='ltr'>FINIBUS,</span> <span class='ocrx_word' id='word_1_3' title='bbox 594 39 673 71; x_wconf 77' lang='lat' dir='ltr'>Lm.</span> <span class='ocrx_word' id='word_1_4' title='bbox 690 39 731 72; x_wconf 89' lang='lat' dir='ltr'>V.</span> <span class='ocrx_word' id='word_1_5' title='bbox 748 40 832 73; x_wconf 66' lang='lat' dir='ltr'><strong>CM».</strong></span> <span class='ocrx_word' id='word_1_6' title='bbox 849 42 902 73; x_wconf 84' lang='lat'>21.</span> <span class='ocrx_word' id='word_1_7' title='bbox 999 44 1042 75; x_wconf 80' lang='lat'>89</span> 
     </span>
    </p>
   </div>
   <div class='ocr_carea' id='block_1_2' title="bbox 138 127 1040 1792">
    <p class='ocr_par' dir='ltr' id='par_1_2' title="bbox 143 127 1040 900">
     <span class='ocr_line' id='line_1_2' title="bbox 149 127 1039 168; baseline -0.001 -8"><span class='ocrx_word' id='word_1_8' title='bbox 149 139 220 161; x_wconf 82' lang='lat' dir='ltr'>rum</span> <span class='ocrx_word' id='word_1_9' title='bbox 235 137 318 159; x_wconf 84' lang='lat' dir='ltr'>nunc</span> <span class='ocrx_word' id='word_1_10' title='bbox 340 128 372 158; x_wconf 90' lang='lat' dir='ltr'>in</span> <span class='ocrx_word' id='word_1_11' title='bbox 394 128 510 159; x_wconf 88' lang='lat' dir='ltr'>ratione</span> <span class='ocrx_word' id='word_1_12' title='bbox 532 133 700 164; x_wconf 82' lang='lat' dir='ltr'>versamur)</span> <span class='ocrx_word' id='word_1_13' title='bbox 719 127 915 159; x_wconf 81' lang='lat' dir='ltr'>consideratio</span> <span class='ocrx_word' id='word_1_14' title='bbox 935 130 1039 168; x_wconf 77' lang='lat' dir='ltr'>cogni-</span> 
     </span>
     <span class='ocr_line' id='line_1_3' title="bbox 151 171 1040 213; baseline -0.002 -9"><span class='ocrx_word' id='word_1_15' title='bbox 151 173 255 213; x_wconf 81' lang='lat' dir='ltr'>tioque</span> <span class='ocrx_word' id='word_1_16' title='bbox 269 182 371 202; x_wconf 88' lang='lat' dir='ltr'>rerum</span> <span class='ocrx_word' id='word_1_17' title='bbox 382 171 558 207; x_wconf 77' lang='lat' dir='ltr'>coelestium,</span> <span class='ocrx_word' id='word_1_18' title='bbox 575 176 603 200; x_wconf 91' lang='lat' dir='ltr'>et</span> <span class='ocrx_word' id='word_1_19' title='bbox 616 181 732 207; x_wconf 78' lang='lat' dir='ltr'>earum,</span> <span class='ocrx_word' id='word_1_20' title='bbox 746 181 832 211; x_wconf 73' lang='lat' dir='ltr'>quas,</span> <span class='ocrx_word' id='word_1_21' title='bbox 843 182 861 201; x_wconf 90' lang='lat' dir='ltr'>a</span> <span class='ocrx_word' id='word_1_22' title='bbox 873 171 979 201; x_wconf 66' lang='lat' dir='ltr'>natura</span> <span class='ocrx_word' id='word_1_23' title='bbox 991 183 1040 203; x_wconf 83' lang='grc'>00-</span> 
     </span>
     <span class='ocr_line' id='line_1_4' title="bbox 147 213 1039 254; baseline -0.002 -8"><span class='ocrx_word' id='word_1_24' title='bbox 147 217 278 246; x_wconf 83' lang='lat' dir='ltr'>cultatas</span> <span class='ocrx_word' id='word_1_25' title='bbox 301 220 330 244; x_wconf 89' lang='lat' dir='ltr'>et</span> <span class='ocrx_word' id='word_1_26' title='bbox 355 214 492 249; x_wconf 75' lang='lat' dir='ltr'>latentes,</span> <span class='ocrx_word' id='word_1_27' title='bbox 519 213 662 254; x_wconf 77' lang='lat' dir='ltr'>indagare</span> <span class='ocrx_word' id='word_1_28' title='bbox 688 214 763 243; x_wconf 84' lang='lat' dir='ltr'>ratio</span> <span class='ocrx_word' id='word_1_29' title='bbox 787 220 884 254; x_wconf 88' lang='lat' dir='ltr'>potest</span> <span class='ocrx_word' id='word_1_30' title='bbox 898 226 905 243; x_wconf 90' lang='lat'>:</span> <span class='ocrx_word' id='word_1_31' title='bbox 931 215 1039 245; x_wconf 83' lang='lat' dir='ltr'>deinde</span> 
     </span>
     <span class='ocr_line' id='line_1_5' title="bbox 150 256 1039 298; baseline 0 -10"><span class='ocrx_word' id='word_1_32' title='bbox 150 257 445 298; x_wconf 78' lang='lat' dir='ltr'>renunpublicarum</span> <span class='ocrx_word' id='word_1_33' title='bbox 469 256 699 292; x_wconf 70' lang='lat' dir='ltr'>administratio,</span> <span class='ocrx_word' id='word_1_34' title='bbox 727 262 780 286; x_wconf 88' lang='lat' dir='ltr'>aut</span> <span class='ocrx_word' id='word_1_35' title='bbox 808 257 1039 288; x_wconf 80' lang='lat' dir='ltr'>administrandi</span> 
     </span>
     <span class='ocr_line' id='line_1_6' title="bbox 149 299 1037 341; baseline -0.001 -10"><span class='ocrx_word' id='word_1_36' title='bbox 149 301 323 341; x_wconf 84' lang='lat' dir='ltr'>sciendique</span> <span class='ocrx_word' id='word_1_37' title='bbox 337 299 480 340; x_wconf 73' lang='lat' dir='ltr'>prudens,</span> <span class='ocrx_word' id='word_1_38' title='bbox 497 305 672 339; x_wconf 66' lang='lat' dir='ltr'>temperata,</span> <span class='ocrx_word' id='word_1_39' title='bbox 690 299 785 335; x_wconf 70' lang='lat' dir='ltr'>fortis,</span> <span class='ocrx_word' id='word_1_40' title='bbox 803 307 831 329; x_wconf 87' lang='lat' dir='ltr'>et</span> <span class='ocrx_word' id='word_1_41' title='bbox 844 301 927 338; x_wconf 86' lang='lat' dir='ltr'>justa</span> <span class='ocrx_word' id='word_1_42' title='bbox 949 301 1037 337; x_wconf 83' lang='lat' dir='ltr'>ratio,</span> 
     </span>
     <span class='ocr_line' id='line_1_7' title="bbox 150 342 1039 384; baseline -0.001 -10"><span class='ocrx_word' id='word_1_43' title='bbox 150 345 335 384; x_wconf 81' lang='lat' dir='ltr'>reliquaeque</span> <span class='ocrx_word' id='word_1_44' title='bbox 353 343 488 379; x_wconf 81' lang='lat' dir='ltr'>virtutes,</span> <span class='ocrx_word' id='word_1_45' title='bbox 510 348 539 372; x_wconf 86' lang='lat' dir='ltr'>et</span> <span class='ocrx_word' id='word_1_46' title='bbox 563 342 692 372; x_wconf 79' lang='lat' dir='ltr'>actiones</span> <span class='ocrx_word' id='word_1_47' title='bbox 723 342 885 373; x_wconf 77' lang='lat' dir='ltr'>virtutibus</span> <span class='ocrx_word' id='word_1_48' title='bbox 909 353 1039 383; x_wconf 76' lang='lat' dir='ltr'>congru-</span> 
     </span>
     <span class='ocr_line' id='line_1_8' title="bbox 149 385 1039 427; baseline 0 -11"><span class='ocrx_word' id='word_1_49' title='bbox 149 394 232 417; x_wconf 83' lang='lat' dir='ltr'>entes</span> <span class='ocrx_word' id='word_1_50' title='bbox 245 398 254 422; x_wconf 83' lang='lat'>;</span> <span class='ocrx_word' id='word_1_51' title='bbox 279 396 358 427; x_wconf 71' lang='lat' dir='ltr'>qum,</span> <span class='ocrx_word' id='word_1_52' title='bbox 376 395 436 415; x_wconf 88' lang='lat' dir='ltr'>uno</span> <span class='ocrx_word' id='word_1_53' title='bbox 453 386 542 415; x_wconf 81' lang='lat' dir='ltr'>verbo</span> <span class='ocrx_word' id='word_1_54' title='bbox 558 385 709 425; x_wconf 83' lang='lat' dir='ltr'>complexi</span> <span class='ocrx_word' id='word_1_55' title='bbox 725 385 838 423; x_wconf 73' lang='lat' dir='ltr'>omnia,</span> <span class='ocrx_word' id='word_1_56' title='bbox 854 387 977 415; x_wconf 56' lang='lat' dir='ltr'>homas-m</span> <span class='ocrx_word' id='word_1_57' title='bbox 992 386 1039 416; x_wconf 86' lang='lat' dir='ltr'>di-</span> 
     </span>
     <span class='ocr_line' id='line_1_9' title="bbox 149 427 1038 469; baseline -0.001 -9"><span class='ocrx_word' id='word_1_58' title='bbox 149 430 268 460; x_wconf 83' lang='grc'>01111115.</span> <span class='ocrx_word' id='word_1_59' title='bbox 293 429 331 458; x_wconf 86' lang='lat' dir='ltr'>ad</span> <span class='ocrx_word' id='word_1_60' title='bbox 346 438 477 469; x_wconf 87' lang='lat' dir='ltr'>quorum</span> <span class='ocrx_word' id='word_1_61' title='bbox 493 427 584 458; x_wconf 80' lang='lat' dir='ltr'>etiam</span> <span class='ocrx_word' id='word_1_62' title='bbox 599 428 800 466; x_wconf 69' lang='lat' dir='ltr'>monitionem</span> <span class='ocrx_word' id='word_1_63' title='bbox 812 435 840 458; x_wconf 87' lang='lat' dir='ltr'>et</span> <span class='ocrx_word' id='word_1_64' title='bbox 855 439 957 465; x_wconf 79' lang='grc'>11511111,</span> <span class='ocrx_word' id='word_1_65' title='bbox 972 430 1038 468; x_wconf 87' lang='lat' dir='ltr'>jam</span> 
     </span>
     <span class='ocr_line' id='line_1_10' title="bbox 148 470 1038 511; baseline 0 -9"><span class='ocrx_word' id='word_1_66' title='bbox 148 472 342 508; x_wconf 84' lang='lat' dir='ltr'>corroborati,</span> <span class='ocrx_word' id='word_1_67' title='bbox 359 470 467 501; x_wconf 80' lang='lat' dir='ltr'>natura</span> <span class='ocrx_word' id='word_1_68' title='bbox 481 470 544 511; x_wconf 75' lang='lat' dir='ltr'>ipsa</span> <span class='ocrx_word' id='word_1_69' title='bbox 560 477 724 511; x_wconf 59' lang='lat' dir='ltr'>praeeunte,</span> <span class='ocrx_word' id='word_1_70' title='bbox 741 471 927 501; x_wconf 84' lang='lat' dir='ltr'>deducimur.</span> <span class='ocrx_word' id='word_1_71' title='bbox 958 473 1038 502; x_wconf 81' lang='lat' dir='ltr'>Om-</span> 
     </span>
     <span class='ocr_line' id='line_1_11' title="bbox 147 514 1038 554; baseline 0 -9"><span class='ocrx_word' id='word_1_72' title='bbox 147 516 235 545; x_wconf 86' lang='lat' dir='ltr'>nium</span> <span class='ocrx_word' id='word_1_73' title='bbox 263 515 343 545; x_wconf 87' lang='lat' dir='ltr'>enim</span> <span class='ocrx_word' id='word_1_74' title='bbox 368 524 469 544; x_wconf 85' lang='lat' dir='ltr'>rerum</span> <span class='ocrx_word' id='word_1_75' title='bbox 493 514 640 554; x_wconf 74' lang='lat' dir='ltr'>plincipia</span> <span class='ocrx_word' id='word_1_76' title='bbox 666 525 759 554; x_wconf 87' lang='lat' dir='ltr'>parva</span> <span class='ocrx_word' id='word_1_77' title='bbox 783 521 875 544; x_wconf 86' lang='lat' dir='ltr'>sunt·</span> <span class='ocrx_word' id='word_1_78' title='bbox 866 537 876 551; x_wconf 82' lang='lat'>,</span> <span class='ocrx_word' id='word_1_79' title='bbox 900 515 951 544; x_wconf 89' lang='lat' dir='ltr'>sed</span> <span class='ocrx_word' id='word_1_80' title='bbox 976 515 1038 546; x_wconf 84' lang='lat' dir='ltr'>suis</span> 
     </span>
     <span class='ocr_line' id='line_1_12' title="bbox 145 557 1037 599; baseline 0 -11"><span class='ocrx_word' id='word_1_81' title='bbox 145 558 405 599; x_wconf 81' lang='lat' dir='ltr'>progressionibus</span> <span class='ocrx_word' id='word_1_82' title='bbox 430 568 485 587; x_wconf 87' lang='lat' dir='ltr'>usa</span> <span class='ocrx_word' id='word_1_83' title='bbox 511 567 571 597; x_wconf 82' lang='lat' dir='ltr'>aug</span> <span class='ocrx_word' id='word_1_84' title='bbox 573 563 680 593; x_wconf 83' lang='grc'>0111111;</span> <span class='ocrx_word' id='word_1_85' title='bbox 705 567 759 587; x_wconf 87' lang='grc'>1100</span> <span class='ocrx_word' id='word_1_86' title='bbox 779 557 843 587; x_wconf 82' lang='grc'>51110</span> <span class='ocrx_word' id='word_1_87' title='bbox 865 568 964 588; x_wconf 88' lang='lat' dir='ltr'>causa.</span> <span class='ocrx_word' id='word_1_88' title='bbox 998 558 1037 588; x_wconf 94' lang='lat' dir='ltr'>In</span> 
     </span>
     <span class='ocr_line' id='line_1_13' title="bbox 147 600 1036 642; baseline -0.001 -11"><span class='ocrx_word' id='word_1_89' title='bbox 147 601 248 642; x_wconf 85' lang='lat' dir='ltr'>primo</span> <span class='ocrx_word' id='word_1_90' title='bbox 263 601 345 632; x_wconf 88' lang='lat' dir='ltr'>enim</span> <span class='ocrx_word' id='word_1_91' title='bbox 361 607 428 630; x_wconf 89' lang='lat' dir='ltr'>ortu</span> <span class='ocrx_word' id='word_1_92' title='bbox 444 600 521 630; x_wconf 83' lang='lat' dir='ltr'>inest</span> <span class='ocrx_word' id='word_1_93' title='bbox 533 600 672 629; x_wconf 85' lang='lat' dir='ltr'>teneritas</span> <span class='ocrx_word' id='word_1_94' title='bbox 687 606 717 630; x_wconf 83' lang='lat' dir='ltr'>et</span> <span class='ocrx_word' id='word_1_95' title='bbox 731 600 872 630; x_wconf 85' lang='lat' dir='ltr'>mollities</span> <span class='ocrx_word' id='word_1_96' title='bbox 882 601 1036 641; x_wconf 83' lang='lat' dir='ltr'>quaedam,</span> 
     </span>
     <span class='ocr_line' id='line_1_14' title="bbox 147 643 1038 683; baseline 0 -9"><span class='ocrx_word' id='word_1_97' title='bbox 147 650 183 674; x_wconf 92' lang='lat' dir='ltr'>ut</span> <span class='ocrx_word' id='word_1_98' title='bbox 198 654 252 675; x_wconf 90' lang='lat' dir='ltr'>nec</span> <span class='ocrx_word' id='word_1_99' title='bbox 267 654 312 674; x_wconf 86' lang='lat' dir='ltr'>res</span> <span class='ocrx_word' id='word_1_100' title='bbox 328 643 427 674; x_wconf 83' lang='lat' dir='ltr'>videre</span> <span class='ocrx_word' id='word_1_101' title='bbox 439 643 579 683; x_wconf 71' lang='lat' dir='ltr'>optimas,</span> <span class='ocrx_word' id='word_1_102' title='bbox 591 652 645 673; x_wconf 87' lang='lat' dir='ltr'>nec</span> <span class='ocrx_word' id='word_1_103' title='bbox 661 653 748 682; x_wconf 84' lang='lat' dir='ltr'>agere</span> <span class='ocrx_word' id='word_1_104' title='bbox 757 643 880 683; x_wconf 78' lang='lat' dir='ltr'>possint.</span> <span class='ocrx_word' id='word_1_105' title='bbox 906 644 1038 675; x_wconf 83' lang='lat' dir='ltr'>Virtutis</span> 
     </span>
     <span class='ocr_line' id='line_1_15' title="bbox 147 685 1038 727; baseline 0 -10"><span class='ocrx_word' id='word_1_106' title='bbox 147 687 241 725; x_wconf 86' lang='lat' dir='ltr'>enim,</span> <span class='ocrx_word' id='word_1_107' title='bbox 266 689 422 727; x_wconf 83' lang='lat' dir='ltr'>beataeque</span> <span class='ocrx_word' id='word_1_108' title='bbox 441 686 521 721; x_wconf 77' lang='lat' dir='ltr'>vitae,</span> <span class='ocrx_word' id='word_1_109' title='bbox 545 696 614 726; x_wconf 83' lang='lat' dir='ltr'>quae</span> <span class='ocrx_word' id='word_1_110' title='bbox 633 685 694 715; x_wconf 87' lang='lat' dir='ltr'>duo</span> <span class='ocrx_word' id='word_1_111' title='bbox 714 687 849 716; x_wconf 78' lang='lat' dir='ltr'>maxime</span> <span class='ocrx_word' id='word_1_112' title='bbox 869 687 1038 727; x_wconf 80' lang='lat' dir='ltr'>expetenda.</span> 
     </span>
     <span class='ocr_line' id='line_1_16' title="bbox 146 729 1038 769; baseline 0 -9"><span class='ocrx_word' id='word_1_113' title='bbox 146 736 229 767; x_wconf 81' lang='lat' dir='ltr'>sunt,</span> <span class='ocrx_word' id='word_1_114' title='bbox 247 730 339 760; x_wconf 88' lang='lat' dir='ltr'>serius</span> <span class='ocrx_word' id='word_1_115' title='bbox 360 730 465 759; x_wconf 90' lang='lat' dir='ltr'>lumen</span> <span class='ocrx_word' id='word_1_116' title='bbox 484 735 627 769; x_wconf 86' lang='lat' dir='ltr'>apparet:</span> <span class='ocrx_word' id='word_1_117' title='bbox 652 729 751 759; x_wconf 87' lang='lat' dir='ltr'>multo</span> <span class='ocrx_word' id='word_1_118' title='bbox 774 729 865 759; x_wconf 84' lang='lat' dir='ltr'>etiam</span> <span class='ocrx_word' id='word_1_119' title='bbox 881 730 985 765; x_wconf 86' lang='grc'>5011115,</span> <span class='ocrx_word' id='word_1_120' title='bbox 1002 736 1038 760; x_wconf 90' lang='lat' dir='ltr'>ut</span> 
     </span>
     <span class='ocr_line' id='line_1_17' title="bbox 146 771 1036 814; baseline 0 -11"><span class='ocrx_word' id='word_1_121' title='bbox 146 774 248 814; x_wconf 70' lang='lat' dir='ltr'>plane,</span> <span class='ocrx_word' id='word_1_122' title='bbox 280 772 383 814; x_wconf 87' lang='lat' dir='ltr'>qualia</span> <span class='ocrx_word' id='word_1_123' title='bbox 412 772 482 809; x_wconf 85' lang='grc'>51111,</span> <span class='ocrx_word' id='word_1_124' title='bbox 513 771 731 811; x_wconf 84' lang='lat' dir='ltr'>intelligantur.</span> <span class='ocrx_word' id='word_1_125' title='bbox 778 772 926 803; x_wconf 77' lang='lat' dir='ltr'>Praeclare</span> <span class='ocrx_word' id='word_1_126' title='bbox 954 773 1036 803; x_wconf 88' lang='lat' dir='ltr'>enim</span> 
     </span>
     <span class='ocr_line' id='line_1_18' title="bbox 145 814 1034 856; baseline 0 -10"><span class='ocrx_word' id='word_1_127' title='bbox 145 817 236 847; x_wconf 89' lang='lat' dir='ltr'>Plato</span> <span class='ocrx_word' id='word_1_128' title='bbox 249 828 257 846; x_wconf 91' lang='lat'>:</span> <span class='ocrx_word' id='word_1_129' title='bbox 284 820 306 833; x_wconf 82' lang='lat'>“</span> <span class='ocrx_word' id='word_1_130' title='bbox 323 816 468 851; x_wconf 78' lang='lat' dir='ltr'>Beatum,</span> <span class='ocrx_word' id='word_1_131' title='bbox 485 815 533 845; x_wconf 91' lang='lat' dir='ltr'>cui</span> <span class='ocrx_word' id='word_1_132' title='bbox 549 814 640 844; x_wconf 86' lang='lat' dir='ltr'>etiam</span> <span class='ocrx_word' id='word_1_133' title='bbox 656 815 687 844; x_wconf 90' lang='lat' dir='ltr'>in</span> <span class='ocrx_word' id='word_1_134' title='bbox 703 821 854 845; x_wconf 80' lang='lat' dir='ltr'>senectute</span> <span class='ocrx_word' id='word_1_135' title='bbox 866 815 1034 856; x_wconf 78' lang='lat' dir='ltr'>contigerit,</span> 
     </span>
     <span class='ocr_line' id='line_1_19' title="bbox 143 857 977 900; baseline -0.001 -11"><span class='ocrx_word' id='word_1_136' title='bbox 143 865 180 889; x_wconf 91' lang='lat' dir='ltr'>ut</span> <span class='ocrx_word' id='word_1_137' title='bbox 194 859 373 900; x_wconf 87' lang='lat' dir='ltr'>sapientiam</span> <span class='ocrx_word' id='word_1_138' title='bbox 389 868 533 898; x_wconf 88' lang='lat' dir='ltr'>verasque</span> <span class='ocrx_word' id='word_1_139' title='bbox 548 857 703 897; x_wconf 84' lang='lat' dir='ltr'>opiniones</span> <span class='ocrx_word' id='word_1_140' title='bbox 719 858 837 898; x_wconf 85' lang='lat' dir='ltr'>assequi</span> <span class='ocrx_word' id='word_1_141' title='bbox 852 858 977 898; x_wconf 85' lang='lat' dir='ltr'>possit.”</span> 
     </span>
    </p>

    <p class='ocr_par' dir='ltr' id='par_1_3' title="bbox 138 900 1036 1589">
     <span class='ocr_line' id='line_1_20' title="bbox 186 900 1036 942; baseline 0.001 -11"><span class='ocrx_word' id='word_1_142' title='bbox 186 902 302 940; x_wconf 74' lang='lat' dir='ltr'>Quare,</span> <span class='ocrx_word' id='word_1_143' title='bbox 318 901 463 942; x_wconf 84' lang='lat' dir='ltr'>quoniam</span> <span class='ocrx_word' id='word_1_144' title='bbox 479 901 516 931; x_wconf 88' lang='lat' dir='ltr'>de</span> <span class='ocrx_word' id='word_1_145' title='bbox 531 900 637 940; x_wconf 81' lang='lat' dir='ltr'>primis</span> <span class='ocrx_word' id='word_1_146' title='bbox 652 906 769 931; x_wconf 82' lang='lat' dir='ltr'>naturae</span> <span class='ocrx_word' id='word_1_147' title='bbox 784 901 950 931; x_wconf 87' lang='lat' dir='ltr'>commodis</span> <span class='ocrx_word' id='word_1_148' title='bbox 965 902 1036 933; x_wconf 84' lang='lat' dir='ltr'>satis</span> 
     </span>
     <span class='ocr_line' id='line_1_21' title="bbox 142 943 1036 985; baseline -0.001 -9"><span class='ocrx_word' id='word_1_149' title='bbox 142 945 259 976; x_wconf 84' lang='lat' dir='ltr'>dictum</span> <span class='ocrx_word' id='word_1_150' title='bbox 287 951 341 981; x_wconf 77' lang='lat' dir='ltr'>est,</span> <span class='ocrx_word' id='word_1_151' title='bbox 363 954 444 974; x_wconf 90' lang='lat' dir='ltr'>nunc</span> <span class='ocrx_word' id='word_1_152' title='bbox 468 943 505 974; x_wconf 87' lang='lat' dir='ltr'>de</span> <span class='ocrx_word' id='word_1_153' title='bbox 530 943 697 982; x_wconf 87' lang='lat' dir='ltr'>majoribus</span> <span class='ocrx_word' id='word_1_154' title='bbox 723 944 1036 985; x_wconf 83' lang='lat' dir='ltr'>consequentibusque</span> 
     </span>
     <span class='ocr_line' id='line_1_22' title="bbox 141 987 1036 1027; baseline 0 -9"><span class='ocrx_word' id='word_1_155' title='bbox 141 989 308 1019; x_wconf 87' lang='lat' dir='ltr'>videamus.</span> <span class='ocrx_word' id='word_1_156' title='bbox 333 988 455 1018; x_wconf 88' lang='lat' dir='ltr'>Natura</span> <span class='ocrx_word' id='word_1_157' title='bbox 469 987 562 1027; x_wconf 86' lang='lat' dir='ltr'>igitur</span> <span class='ocrx_word' id='word_1_158' title='bbox 580 997 688 1027; x_wconf 87' lang='lat' dir='ltr'>corpus</span> <span class='ocrx_word' id='word_1_159' title='bbox 707 987 831 1027; x_wconf 86' lang='lat' dir='ltr'>quidem</span> <span class='ocrx_word' id='word_1_160' title='bbox 847 987 979 1017; x_wconf 85' lang='lat' dir='ltr'>hominis</span> <span class='ocrx_word' id='word_1_161' title='bbox 995 989 1036 1018; x_wconf 87' lang='lat' dir='ltr'>sic</span> 
     </span>
     <span class='ocr_line' id='line_1_23' title="bbox 143 1029 1033 1072; baseline -0.001 -10"><span class='ocrx_word' id='word_1_162' title='bbox 143 1038 174 1062; x_wconf 87' lang='lat' dir='ltr'>et</span> <span class='ocrx_word' id='word_1_163' title='bbox 189 1032 294 1072; x_wconf 87' lang='lat' dir='ltr'>genuit</span> <span class='ocrx_word' id='word_1_164' title='bbox 309 1037 338 1061; x_wconf 92' lang='lat' dir='ltr'>et</span> <span class='ocrx_word' id='word_1_165' title='bbox 353 1030 506 1066; x_wconf 70' lang='lat' dir='ltr'>formavit,</span> <span class='ocrx_word' id='word_1_166' title='bbox 522 1036 557 1059; x_wconf 90' lang='lat' dir='ltr'>ut</span> <span class='ocrx_word' id='word_1_167' title='bbox 568 1029 627 1059; x_wconf 86' lang='lat' dir='ltr'>alia</span> <span class='ocrx_word' id='word_1_168' title='bbox 638 1030 669 1059; x_wconf 89' lang='lat' dir='ltr'>in</span> <span class='ocrx_word' id='word_1_169' title='bbox 679 1030 778 1070; x_wconf 88' lang='lat' dir='ltr'>primo</span> <span class='ocrx_word' id='word_1_170' title='bbox 790 1036 857 1060; x_wconf 90' lang='lat' dir='ltr'>ortu</span> <span class='ocrx_word' id='word_1_171' title='bbox 868 1031 1033 1071; x_wconf 76' lang='lat' dir='ltr'>perficeret,</span> 
     </span>
     <span class='ocr_line' id='line_1_24' title="bbox 143 1072 1034 1115; baseline -0.001 -10"><span class='ocrx_word' id='word_1_172' title='bbox 143 1075 203 1105; x_wconf 87' lang='lat' dir='ltr'>alia</span> <span class='ocrx_word' id='word_1_173' title='bbox 218 1074 426 1115; x_wconf 83' lang='lat' dir='ltr'>progrediente</span> <span class='ocrx_word' id='word_1_174' title='bbox 438 1079 525 1103; x_wconf 81' lang='lat' dir='ltr'>aetate</span> <span class='ocrx_word' id='word_1_175' title='bbox 535 1072 682 1113; x_wconf 54' lang='lat' dir='ltr'>fingerem</span> <span class='ocrx_word' id='word_1_176' title='bbox 707 1083 806 1114; x_wconf 90' lang='lat' dir='ltr'>neque</span> <span class='ocrx_word' id='word_1_177' title='bbox 817 1084 888 1103; x_wconf 87' lang='lat' dir='ltr'>sane</span> <span class='ocrx_word' id='word_1_178' title='bbox 899 1074 1034 1104; x_wconf 81' lang='lat' dir='ltr'>multum</span> 
     </span>
     <span class='ocr_line' id='line_1_25' title="bbox 142 1115 1034 1157; baseline -0.001 -10"><span class='ocrx_word' id='word_1_179' title='bbox 142 1118 326 1157; x_wconf 87' lang='lat' dir='ltr'>adjumentis</span> <span class='ocrx_word' id='word_1_180' title='bbox 342 1116 472 1147; x_wconf 84' lang='lat' dir='ltr'>externis</span> <span class='ocrx_word' id='word_1_181' title='bbox 488 1122 516 1146; x_wconf 91' lang='lat' dir='ltr'>et</span> <span class='ocrx_word' id='word_1_182' title='bbox 527 1115 701 1146; x_wconf 83' lang='lat' dir='ltr'>adventiciis</span> <span class='ocrx_word' id='word_1_183' title='bbox 713 1122 854 1146; x_wconf 90' lang='lat' dir='ltr'>uteretur.</span> <span class='ocrx_word' id='word_1_184' title='bbox 878 1117 1034 1147; x_wconf 85' lang='lat' dir='ltr'>Animum</span> 
     </span>
     <span class='ocr_line' id='line_1_26' title="bbox 140 1159 1033 1201; baseline -0.001 -10"><span class='ocrx_word' id='word_1_185' title='bbox 140 1166 247 1191; x_wconf 84' lang='lat' dir='ltr'>autem</span> <span class='ocrx_word' id='word_1_186' title='bbox 262 1160 385 1201; x_wconf 89' lang='lat' dir='ltr'>reliquis</span> <span class='ocrx_word' id='word_1_187' title='bbox 397 1161 486 1190; x_wconf 90' lang='lat' dir='ltr'>rebus</span> <span class='ocrx_word' id='word_1_188' title='bbox 498 1159 540 1188; x_wconf 89' lang='lat' dir='ltr'>ita</span> <span class='ocrx_word' id='word_1_189' title='bbox 549 1159 683 1199; x_wconf 72' lang='lat' dir='ltr'>perfecit,</span> <span class='ocrx_word' id='word_1_190' title='bbox 697 1165 732 1189; x_wconf 90' lang='lat' dir='ltr'>ut</span> <span class='ocrx_word' id='word_1_191' title='bbox 747 1170 863 1200; x_wconf 87' lang='lat' dir='ltr'>corpus.</span> <span class='ocrx_word' id='word_1_192' title='bbox 888 1161 1033 1191; x_wconf 78' lang='lat' dir='ltr'>Sensibus</span> 
     </span>
     <span class='ocr_line' id='line_1_27' title="bbox 142 1202 1035 1243; baseline -0.002 -8"><span class='ocrx_word' id='word_1_193' title='bbox 142 1204 225 1235; x_wconf 84' lang='lat' dir='ltr'>enim</span> <span class='ocrx_word' id='word_1_194' title='bbox 240 1204 358 1234; x_wconf 87' lang='lat' dir='ltr'>ornavit</span> <span class='ocrx_word' id='word_1_195' title='bbox 372 1203 411 1233; x_wconf 87' lang='lat' dir='ltr'>ad</span> <span class='ocrx_word' id='word_1_196' title='bbox 426 1213 472 1233; x_wconf 90' lang='lat' dir='ltr'>res</span> <span class='ocrx_word' id='word_1_197' title='bbox 486 1202 693 1243; x_wconf 87' lang='lat' dir='ltr'>percipiendas</span> <span class='ocrx_word' id='word_1_198' title='bbox 708 1202 834 1240; x_wconf 72' lang='lat' dir='ltr'>idoneis,</span> <span class='ocrx_word' id='word_1_199' title='bbox 845 1209 880 1232; x_wconf 90' lang='lat' dir='ltr'>ut</span> <span class='ocrx_word' id='word_1_200' title='bbox 894 1203 970 1232; x_wconf 88' lang='lat' dir='ltr'>nihil</span> <span class='ocrx_word' id='word_1_201' title='bbox 980 1209 1035 1233; x_wconf 86' lang='lat' dir='ltr'>aut</span> 
     </span>
     <span class='ocr_line' id='line_1_28' title="bbox 141 1245 1033 1284; baseline -0.001 -7"><span class='ocrx_word' id='word_1_202' title='bbox 141 1256 205 1277; x_wconf 88' lang='lat' dir='ltr'>non</span> <span class='ocrx_word' id='word_1_203' title='bbox 219 1247 352 1277; x_wconf 88' lang='lat' dir='ltr'>multum</span> <span class='ocrx_word' id='word_1_204' title='bbox 375 1245 552 1284; x_wconf 87' lang='lat' dir='ltr'>adjumento</span> <span class='ocrx_word' id='word_1_205' title='bbox 572 1245 636 1275; x_wconf 87' lang='lat' dir='ltr'>ullo</span> <span class='ocrx_word' id='word_1_206' title='bbox 657 1245 696 1275; x_wconf 89' lang='lat' dir='ltr'>ad</span> <span class='ocrx_word' id='word_1_207' title='bbox 713 1256 801 1275; x_wconf 86' lang='lat' dir='ltr'>suam</span> <span class='ocrx_word' id='word_1_208' title='bbox 819 1246 1033 1276; x_wconf 85' lang='lat' dir='ltr'>conforrnatio-</span> 
     </span>
     <span class='ocr_line' id='line_1_29' title="bbox 141 1288 1033 1330; baseline -0.001 -10"><span class='ocrx_word' id='word_1_209' title='bbox 141 1300 215 1320; x_wconf 89' lang='lat' dir='ltr'>nem</span> <span class='ocrx_word' id='word_1_210' title='bbox 229 1290 386 1330; x_wconf 86' lang='lat' dir='ltr'>indigeret.</span> <span class='ocrx_word' id='word_1_211' title='bbox 411 1289 504 1326; x_wconf 87' lang='lat' dir='ltr'>Quod</span> <span class='ocrx_word' id='word_1_212' title='bbox 519 1294 622 1318; x_wconf 89' lang='lat' dir='ltr'>autem</span> <span class='ocrx_word' id='word_1_213' title='bbox 637 1288 669 1317; x_wconf 92' lang='lat' dir='ltr'>in</span> <span class='ocrx_word' id='word_1_214' title='bbox 684 1289 808 1319; x_wconf 88' lang='lat' dir='ltr'>homine</span> <span class='ocrx_word' id='word_1_215' title='bbox 822 1289 1033 1329; x_wconf 85' lang='lat' dir='ltr'>praestantissi-</span> 
     </span>
     <span class='ocr_line' id='line_1_30' title="bbox 140 1331 1032 1374; baseline -0.001 -10"><span class='ocrx_word' id='word_1_216' title='bbox 140 1343 231 1363; x_wconf 89' lang='lat' dir='ltr'>mum</span> <span class='ocrx_word' id='word_1_217' title='bbox 245 1339 338 1374; x_wconf 90' lang='lat' dir='ltr'>atque</span> <span class='ocrx_word' id='word_1_218' title='bbox 352 1332 505 1373; x_wconf 87' lang='lat' dir='ltr'>optimum</span> <span class='ocrx_word' id='word_1_219' title='bbox 520 1338 574 1367; x_wconf 82' lang='lat' dir='ltr'>est,</span> <span class='ocrx_word' id='word_1_220' title='bbox 590 1331 622 1362; x_wconf 91' lang='lat' dir='ltr'>id</span> <span class='ocrx_word' id='word_1_221' title='bbox 637 1331 768 1362; x_wconf 84' lang='lat' dir='ltr'>deseruit</span> <span class='ocrx_word' id='word_1_222' title='bbox 781 1344 789 1362; x_wconf 77' lang='lat' dir='ltr'>x</span> <span class='ocrx_word' id='word_1_223' title='bbox 815 1333 869 1362; x_wconf 90' lang='lat' dir='ltr'>etsi</span> <span class='ocrx_word' id='word_1_224' title='bbox 884 1332 966 1362; x_wconf 87' lang='lat' dir='ltr'>dedit</span> <span class='ocrx_word' id='word_1_225' title='bbox 987 1339 1032 1363; x_wconf 86' lang='lat' dir='ltr'>ta-</span> 
     </span>
     <span class='ocr_line' id='line_1_31' title="bbox 138 1375 1031 1416; baseline -0.002 -9"><span class='ocrx_word' id='word_1_226' title='bbox 138 1377 205 1408; x_wconf 84' lang='lat' dir='ltr'>lem</span> <span class='ocrx_word' id='word_1_227' title='bbox 226 1382 372 1413; x_wconf 79' lang='lat' dir='ltr'>mentem,</span> <span class='ocrx_word' id='word_1_228' title='bbox 394 1386 463 1416; x_wconf 86' lang='lat' dir='ltr'>quae</span> <span class='ocrx_word' id='word_1_229' title='bbox 478 1385 600 1405; x_wconf 83' lang='lat' dir='ltr'>ornnem</span> <span class='ocrx_word' id='word_1_230' title='bbox 616 1375 759 1405; x_wconf 87' lang='lat' dir='ltr'>virtutem</span> <span class='ocrx_word' id='word_1_231' title='bbox 775 1376 907 1416; x_wconf 85' lang='lat' dir='ltr'>accipere</span> <span class='ocrx_word' id='word_1_232' title='bbox 921 1381 1031 1416; x_wconf 89' lang='lat' dir='ltr'>posset,</span> 
     </span>
     <span class='ocr_line' id='line_1_32' title="bbox 142 1417 1032 1468; baseline -0.004 -17"><span class='ocrx_word' id='word_1_233' title='bbox 142 1419 341 1468; x_wconf 80' lang='lat' dir='ltr'>ingenuitque</span> <span class='ocrx_word' id='word_1_234' title='bbox 376 1419 439 1449; x_wconf 88' lang='lat' dir='ltr'>sine</span> <span class='ocrx_word' id='word_1_235' title='bbox 474 1417 609 1448; x_wconf 79' lang='lat' dir='ltr'>doctrina</span> <span class='ocrx_word' id='word_1_236' title='bbox 643 1418 764 1448; x_wconf 88' lang='lat' dir='ltr'>notitias</span> <span class='ocrx_word' id='word_1_237' title='bbox 792 1429 900 1459; x_wconf 87' lang='lat' dir='ltr'>parvas</span> <span class='ocrx_word' id='word_1_238' title='bbox 930 1429 1032 1448; x_wconf 87' lang='lat' dir='ltr'>rerum</span> 
     </span>
     <span class='ocr_line' id='line_1_33' title="bbox 143 1461 1031 1503; baseline -0.003 -9"><span class='ocrx_word' id='word_1_239' title='bbox 143 1463 361 1500; x_wconf 81' lang='lat' dir='ltr'>maximarum,</span> <span class='ocrx_word' id='word_1_240' title='bbox 379 1468 408 1492; x_wconf 90' lang='lat' dir='ltr'>et</span> <span class='ocrx_word' id='word_1_241' title='bbox 423 1461 509 1503; x_wconf 89' lang='lat' dir='ltr'>quasi</span> <span class='ocrx_word' id='word_1_242' title='bbox 524 1461 654 1492; x_wconf 86' lang='lat' dir='ltr'>instituit</span> <span class='ocrx_word' id='word_1_243' title='bbox 668 1461 783 1499; x_wconf 78' lang='lat' dir='ltr'>docere,</span> <span class='ocrx_word' id='word_1_244' title='bbox 805 1468 834 1491; x_wconf 91' lang='lat' dir='ltr'>et</span> <span class='ocrx_word' id='word_1_245' title='bbox 857 1461 980 1491; x_wconf 80' lang='lat' dir='ltr'>induxit</span> <span class='ocrx_word' id='word_1_246' title='bbox 1000 1462 1031 1491; x_wconf 89' lang='lat' dir='ltr'>in</span> 
     </span>
     <span class='ocr_line' id='line_1_34' title="bbox 145 1504 1033 1547; baseline -0.005 -9"><span class='ocrx_word' id='word_1_247' title='bbox 145 1519 191 1544; x_wconf 73' lang='lat' dir='ltr'>ea,</span> <span class='ocrx_word' id='word_1_248' title='bbox 217 1516 286 1547; x_wconf 85' lang='lat' dir='ltr'>quae</span> <span class='ocrx_word' id='word_1_249' title='bbox 310 1506 438 1541; x_wconf 65' lang='lat' dir='ltr'>inerant„</span> <span class='ocrx_word' id='word_1_250' title='bbox 463 1510 623 1545; x_wconf 84' lang='lat' dir='ltr'>tamquam</span> <span class='ocrx_word' id='word_1_251' title='bbox 649 1505 798 1534; x_wconf 86' lang='lat' dir='ltr'>elementa</span> <span class='ocrx_word' id='word_1_252' title='bbox 820 1504 949 1535; x_wconf 82' lang='lat' dir='ltr'>vututis.</span> <span class='ocrx_word' id='word_1_253' title='bbox 972 1504 1033 1535; x_wconf 82' lang='lat' dir='ltr'>Sed</span> 
     </span>
     <span class='ocr_line' id='line_1_35' title="bbox 142 1547 845 1589; baseline -0.004 -9"><span class='ocrx_word' id='word_1_254' title='bbox 142 1552 287 1583; x_wconf 84' lang='lat' dir='ltr'>virtutem</span> <span class='ocrx_word' id='word_1_255' title='bbox 302 1548 399 1589; x_wconf 88' lang='lat' dir='ltr'>ipsam</span> <span class='ocrx_word' id='word_1_256' title='bbox 414 1547 565 1578; x_wconf 88' lang='lat' dir='ltr'>inchoavit</span> <span class='ocrx_word' id='word_1_257' title='bbox 578 1558 587 1584; x_wconf 81' lang='lat'>3</span> <span class='ocrx_word' id='word_1_258' title='bbox 611 1547 689 1577; x_wconf 81' lang='lat' dir='ltr'>nihil</span> <span class='ocrx_word' id='word_1_259' title='bbox 703 1548 845 1588; x_wconf 87' lang='lat' dir='ltr'>amplius.</span> 
     </span>
    </p>

    <p class='ocr_par' dir='ltr' id='par_1_4' title="bbox 143 1590 1034 1765">
     <span class='ocr_line' id='line_1_36' title="bbox 187 1590 1032 1633; baseline -0.002 -11"><span class='ocrx_word' id='word_1_260' title='bbox 187 1595 297 1633; x_wconf 80' lang='lat' dir='ltr'>Itaque</span> <span class='ocrx_word' id='word_1_261' title='bbox 311 1598 448 1622; x_wconf 86' lang='lat' dir='ltr'>nostrum</span> <span class='ocrx_word' id='word_1_262' title='bbox 463 1597 507 1621; x_wconf 89' lang='lat' dir='ltr'>est</span> <span class='ocrx_word' id='word_1_263' title='bbox 523 1590 620 1632; x_wconf 82' lang='lat' dir='ltr'>(quod.</span> <span class='ocrx_word' id='word_1_264' title='bbox 634 1596 771 1621; x_wconf 88' lang='lat' dir='ltr'>nostrum</span> <span class='ocrx_word' id='word_1_265' title='bbox 787 1591 865 1627; x_wconf 80' lang='lat' dir='ltr'>dico,</span> <span class='ocrx_word' id='word_1_266' title='bbox 882 1590 953 1621; x_wconf 86' lang='lat' dir='ltr'>artis</span> <span class='ocrx_word' id='word_1_267' title='bbox 969 1595 1032 1628; x_wconf 88' lang='lat' dir='ltr'>est)</span> 
     </span>
     <span class='ocr_line' id='line_1_37' title="bbox 143 1633 1033 1675; baseline -0.002 -9"><span class='ocrx_word' id='word_1_268' title='bbox 143 1638 183 1668; x_wconf 85' lang='lat' dir='ltr'>ad</span> <span class='ocrx_word' id='word_1_269' title='bbox 198 1646 233 1667; x_wconf 90' lang='lat' dir='ltr'>ea</span> <span class='ocrx_word' id='word_1_270' title='bbox 246 1634 403 1675; x_wconf 85' lang='lat' dir='ltr'>principia,</span> <span class='ocrx_word' id='word_1_271' title='bbox 420 1645 489 1675; x_wconf 83' lang='lat' dir='ltr'>quae</span> <span class='ocrx_word' id='word_1_272' title='bbox 499 1634 680 1675; x_wconf 85' lang='lat' dir='ltr'>accepimus,</span> <span class='ocrx_word' id='word_1_273' title='bbox 697 1633 909 1674; x_wconf 81' lang='lat' dir='ltr'>consequentia</span> <span class='ocrx_word' id='word_1_274' title='bbox 924 1633 1033 1674; x_wconf 81' lang='lat' dir='ltr'>exqui-</span> 
     </span>
     <span class='ocr_line' id='line_1_38' title="bbox 143 1676 1034 1719; baseline -0.004 -9"><span class='ocrx_word' id='word_1_275' title='bbox 143 1691 218 1715; x_wconf 71' lang='lat' dir='ltr'>rere..</span> <span class='ocrx_word' id='word_1_276' title='bbox 241 1677 342 1719; x_wconf 86' lang='lat' dir='ltr'>quoad</span> <span class='ocrx_word' id='word_1_277' title='bbox 363 1677 401 1708; x_wconf 91' lang='lat' dir='ltr'>sit</span> <span class='ocrx_word' id='word_1_278' title='bbox 422 1677 465 1714; x_wconf 78' lang='lat' dir='ltr'>id,</span> <span class='ocrx_word' id='word_1_279' title='bbox 485 1677 568 1718; x_wconf 86' lang='lat' dir='ltr'>quod</span> <span class='ocrx_word' id='word_1_280' title='bbox 589 1677 741 1713; x_wconf 74' lang='lat' dir='ltr'>volumus,</span> <span class='ocrx_word' id='word_1_281' title='bbox 763 1677 925 1707; x_wconf 84' lang='lat' dir='ltr'>effectum:</span> <span class='ocrx_word' id='word_1_282' title='bbox 951 1676 1034 1717; x_wconf 88' lang='lat' dir='ltr'>quod</span> 
     </span>
     <span class='ocr_line' id='line_1_39' title="bbox 144 1720 1033 1765; baseline -0.006 -11"><span class='ocrx_word' id='word_1_283' title='bbox 144 1723 267 1765; x_wconf 82' lang='lat' dir='ltr'>quidem</span> <span class='ocrx_word' id='word_1_284' title='bbox 282 1720 377 1762; x_wconf 81' lang='lat' dir='ltr'>pluris</span> <span class='ocrx_word' id='word_1_285' title='bbox 392 1721 430 1752; x_wconf 85' lang='lat' dir='ltr'>sit</span> <span class='ocrx_word' id='word_1_286' title='bbox 444 1720 528 1752; x_wconf 84' lang='lat' dir='ltr'>haud</span> <span class='ocrx_word' id='word_1_287' title='bbox 543 1721 647 1762; x_wconf 83' lang='lat' dir='ltr'>paulo,</span> <span class='ocrx_word' id='word_1_288' title='bbox 657 1720 817 1761; x_wconf 84' lang='lat' dir='ltr'>magisque</span> <span class='ocrx_word' id='word_1_289' title='bbox 828 1720 929 1762; x_wconf 84' lang='lat' dir='ltr'>ipsum</span> <span class='ocrx_word' id='word_1_290' title='bbox 941 1730 1033 1761; x_wconf 89' lang='lat' dir='ltr'>prop-</span> 
     </span>
    </p>

    <p class='ocr_par' dir='ltr' id='par_1_5' title="bbox 721 1763 770 1792">
     <span class='ocr_line' id='line_1_40' title="bbox 721 1763 770 1792; baseline 0 0"><span class='ocrx_word' id='word_1_291' title='bbox 721 1771 733 1792; x_wconf 95' lang='lat'>1</span> <span class='ocrx_word' id='word_1_292' title='bbox 751 1763 770 1792; x_wconf 88' lang='lat'><strong>3</strong></span> 
     </span>
    </p>
   </div>
  </div>
 </body>
</html>
