1226 1935
179 72 237 103 192
296 74 420 105 TUSC.
437 74 610 113 QUAEST.
629 74 708 104 Llss.
728 73 793 105 III.
811 74 894 116 CAR·
917 76 964 105 12.

175 159 285 200 plures.
320 161 416 197 Nam,
433 171 502 191 cum
519 162 618 191 omnis
632 160 818 202 perturbatio
834 160 872 191 sit
887 160 981 190 animi
1001 169 1068 191 mo-

175 209 235 239 tus,
260 204 307 234 vel
330 204 453 234 rationis
479 215 596 245 expers,
625 205 672 234 vel
696 204 845 234 rationem
871 204 1066 244 adspernans,

178 246 223 275 vel
240 246 348 277 rationi
367 257 426 277 nou
449 248 602 285 obediens,
619 248 704 288 isque
724 254 825 277 motus
849 253 901 277 aut
922 246 993 276 boni
1016 252 1069 276 aut

176 289 250 318 mali
274 290 415 330 opinione
441 291 734 326 citetur3bifa1iam
758 299 889 330 quatuor
911 291 1069 330 perturba-

176 332 272 362 tiones
289 333 444 374 {equaliter
459 333 627 363 distributae
643 339 721 363 sunt.
761 334 846 363 Nam
862 333 931 362 duae
946 338 1017 362 sunt
1032 343 1070 362 ex

176 375 318 415 opinione
334 376 428 411 boni3
453 387 584 417 quarum
599 377 704 413 altera,
721 376 860 424 voluptas
876 375 1016 416 gestiens,
1039 373 1071 405 id

178 424 232 455 est,
249 425 357 459 praeter
377 419 505 449 modum
522 420 599 449 elata
614 419 731 456 laetitia,
757 419 899 459 opinione
918 418 1072 459 praesentis

178 462 283 502 magni
299 462 427 501 alicujus
442 462 534 498 boni3
560 463 654 493 altera
669 462 829 502 cupiditas,
847 472 916 502 quae
932 467 1008 491 recte
1024 461 1071 491 vel

179 504 274 535 libido
301 505 359 535 dici
383 510 501 545 potest3
537 516 606 546 quae
631 511 675 535 est
702 504 903 534 immoderata
928 504 1073 545 appetitio

179 548 295 588 opinati
311 548 415 588 magni
431 549 514 585 boni,
531 548 639 578 rationi
654 557 714 577 non
736 549 956 587 obtemperans.
990 547 1074 587 Ergo

179 590 244 621 haec
260 591 321 620 duo
342 601 462 631 genera,
483 591 623 632 voluptas
643 591 782 631 gestienS,
804 596 833 620 et
851 590 956 626 libido,
978 591 1074 620 bono-

179 644 249 663 rum
275 634 417 673 opinione
441 635 613 671 turbantur,
637 640 672 663 ut
695 633 755 663 duo
778 633 906 673 reliqua,
922 638 1022 662 metus
1045 638 1074 662 et

181 677 341 717 aegritudo,
358 678 520 707 malorum.
546 677 631 707 Nam
648 682 677 706 et
689 682 788 706 metus
799 675 901 716 opinio
914 675 1073 715 estmagni

182 720 256 749 mali
272 720 474 761 impendentis
488 731 497 755 3
522 726 551 751 et
563 719 709 760 aegritudo
726 725 769 749 est
784 719 886 760 opinio
895 719 1000 759 magni
1009 729 1076 748 nia-

180 763 203 792 li
219 763 396 803 priesenti33
421 769 450 793 et
469 764 592 804 quidem
608 773 710 793 recens
725 762 827 803 opinio
842 762 910 792 talis
933 762 1019 799 mali,
1041 767 1076 791 ut

180 806 213 835 in
230 817 265 836 eo
280 812 396 836 rectum
412 806 548 837 videatur
564 817 626 837 esse
638 806 709 846 angi
723 817 730 835 :
755 805 786 835 id
799 811 901 835 autem
917 811 972 841 est,
989 811 1023 834 ut
1039 804 1076 842 is,

182 849 236 890 qui
252 849 362 886 doleat,
384 856 521 890 oportere
541 850 682 890 opinetur
705 859 735 879 se
757 848 866 879 dolere.
892 848 951 878 His
972 854 1076 878 autem

183 893 472 933 perturbationibus,
490 904 565 934 quas
586 893 617 922 in
641 892 735 923 vitam
760 891 922 921 hominum
948 891 1077 921 stultitia

183 936 271 976 quasi
287 936 435 976 quasdam
452 937 560 966 Furias
576 935 714 965 immittit
733 940 825 975 atque
845 935 961 971 incitat,
979 934 1079 964 omni-

185 980 241 1009 bus
258 979 372 1009 viribus
387 985 479 1020 atque
494 980 602 1020 opibus
617 978 852 1018 repugnandum
870 983 924 1014 est,
947 978 971 1007 si
992 977 1080 1007 volu-

184 1032 254 1052 mus
269 1022 337 1059 hoc,
350 1023 432 1063 quod
445 1022 551 1052 datum
565 1028 619 1059 est,
633 1022 714 1059 vitae,
727 1021 890 1061 tranquille
902 1020 1080 1061 placideque

185 1065 350 1095 traducere.
381 1065 439 1095 Sed
456 1072 576 1096 caeteras
592 1065 685 1100 alias3
711 1074 793 1094 nunc
808 1064 1032 1104 aegritudinem,
1055 1063 1080 1093 si

184 1118 359 1149 possumus,
386 1108 584 1149 depellamus.
631 1107 669 1138 Id
697 1107 777 1137 enim
805 1107 843 1136 sit
866 1107 1078 1147 propositum·
1068 1129 1079 1142 ‚

188 1151 438 1192 quandoquidem
453 1162 520 1182 eam
537 1158 569 1181 tu
581 1151 675 1181 videri
686 1150 758 1180 tibi
751 1160 783 1179 111
797 1150 964 1190 sapientem
976 1149 1081 1179 cadere

187 1194 313 1224 dixisti·
304 1206 314 1231 3
339 1195 421 1235 quod
434 1205 488 1235 ego
501 1195 586 1224 nullo
601 1193 692 1224 modo
709 1193 857 1223 existimo.
893 1192 988 1223 Tetra
999 1192 1083 1223 enim

188 1248 234 1267 res
251 1243 305 1286 est,
330 1238 450 1275 misera,
468 1237 663 1274 detestabilis,
678 1236 763 1267 omni
778 1235 981 1274 contentione,
1007 1235 1082 1266 velis

187 1283 236 1315 (ut
251 1280 294 1310 ita
308 1281 421 1317 dicam)
438 1281 590 1321 remisque
604 1279 759 1320 fugienda.

231 1324 313 1354 XII.
349 1324 459 1362 Qualis
482 1324 563 1354 enim
585 1323 640 1353 tibi
656 1323 707 1353 ille
722 1322 841 1353 videtur
855 1322 990 1352 Tantalo
1011 1331 1082 1362 pro-

189 1372 311 1407 gnatus,
333 1367 447 1408 Pelope
467 1372 568 1405 natus,
585 1366 639 1407 qui
657 1365 813 1407 quondam
829 1376 847 1396 a
862 1375 961 1396 socero
983 1365 1083 1395 OEno-

187 1420 258 1440 mao
267 1421 337 1450 rege
350 1410 593 1451 Hippodamiam
604 1411 627 1427 ‘⁶
638 1409 731 1450 raptis
742 1415 848 1439 nactus
860 1414 904 1439 est
915 1408 1051 1449 nuptiis.
1043 1407 1082 1430 ν’

188 1453 276 1483 Jovis
298 1454 353 1483 iste
375 1453 499 1494 quidem
520 1463 692 1494 pronepos3
716 1458 820 1482 tamne
842 1462 913 1492 ergo
935 1452 1080 1490 abjectus,

188 1501 314 1537 tamque
329 1496 441 1527 fractus
453 1498 467 1526 ἲ

234 1556 256 1572 “
273 1555 414 1593 Nolite,''
431 1555 558 1596 (inquit)
577 1556 598 1573 “
615 1555 759 1596 hospites,
776 1554 815 1585 ad
829 1564 879 1584 me
899 1553 982 1584 adire
1002 1552 1083 1583 illico

319 1604 386 1628 istic
399 1609 409 1634 3

235 1640 286 1670 Ne
301 1641 438 1681 contagio
454 1652 522 1671 mea
536 1641 634 1678 bonis,
651 1642 809 1677 umbrave,
826 1640 923 1671 obsit:

235 1683 340 1714 Tanta
356 1684 400 1715 vis
416 1684 533 1715 sceleris
549 1684 580 1714 in
597 1694 719 1725 corpore
733 1684 859 1714 haeret.''

195 1755 247 1786 Tu
263 1761 304 1795 te,
320 1756 469 1798 Thyesta,
487 1756 658 1796 damnabis,
675 1757 857 1798 orbabisque
870 1757 950 1793 luce,
966 1758 1088 1796 propter
