1180 1935
187 89 250 120 394
295 89 356 120 DE
373 90 480 121 NAT.
499 90 635 121 DEOR.
654 90 732 120 Lm.
750 91 796 121 II.
813 91 896 121 CAP.
914 90 964 120 61.

186 183 240 205 nos
256 185 273 205 e
287 181 373 206 terrae
392 177 525 207 cavernis
539 176 654 207 ferrum
670 176 816 214 elicimus,
832 186 897 206 rem
915 175 954 205 ad
975 174 1074 205 colen-

186 217 239 248 dos
255 228 341 258 agros
356 220 551 250 necessan'am
565 231 573 249 :
598 229 652 250 nos
667 219 743 257 aeris,
754 219 881 259 argenti,
895 218 961 248 auri
972 227 1074 253 venaS,

184 261 305 301 penitus
321 262 448 300 abditas,
472 262 654 300 invenimus,
671 268 700 292 et
715 262 754 292 ad
769 272 859 292 usum
875 267 971 302 aptas,
989 266 1018 290 et
1034 259 1073 289 ad

184 309 326 334 ornatum
341 305 481 336 decoras:
506 306 648 335 arborum
671 311 772 335 autem
788 305 984 341 consectione,
1006 312 1072 333 om-

184 346 276 386 nique
291 348 418 378 materia
433 354 462 378 et
477 349 551 378 cult·
542 361 559 378 ι
575 354 603 378 et
618 348 755 384 silvestri,
772 348 882 388 partim
904 347 942 377 ad
963 346 1072 376 caleta-

183 389 325 420 ciendum
345 401 464 439 corpus,
488 392 518 432 i‹
509 391 552 421 ni
575 391 720 427 adhibito,
748 396 777 420 et
806 390 845 420 ad
865 389 1070 430 mitigandum

184 432 298 470 cibum,
324 434 451 472 utimur,
475 434 586 474 partim
613 434 651 463 ad
675 433 896 469 aedificandum,
917 439 962 470 ut,
986 431 1070 462 tectis

181 476 268 515 septi,
285 476 397 517 frigora
411 477 582 517 caloresque
594 476 753 517 pellamus.
777 475 910 516 Magnos
920 485 988 505 vero
998 485 1071 504 usus

181 518 268 549 affert
282 501 343 549 ado
336 519 457 560 navigia
472 519 620 557 facienda,
631 530 762 560 quorum
778 519 913 549 cursibus
929 517 1071 558 suppedi-

181 566 285 591 tantur
300 572 404 592 omnes
425 562 561 603 undique
576 562 612 592 ad
630 562 723 592 vitam
739 562 851 602 copiae:
875 571 1011 602 quasque
1025 571 1072 591 res

180 603 410 635 violentissimas
432 612 541 636 natura
563 605 678 645 genuit,
704 615 808 635 earum
831 604 1069 634 moderationem

180 656 235 676 nos
256 647 311 677 soli
331 648 498 685 habemus3
522 648 625 686 maris,
646 654 736 688 atque
759 654 928 684 ventorum,
949 652 1071 687 propter

181 690 370 720 nauticarum
383 701 484 722 rerum
497 691 673 727 scientiam3
698 690 898 731 plurimisque
910 689 1070 720 maritimis

180 734 269 763 rebus
281 733 412 764 fruimur
424 740 515 775 atque
530 734 654 764 utimur.
679 734 884 764 Terrenorum
900 733 971 762 item
988 742 1070 763 com-

180 776 342 806 modorum
358 777 456 807 omnis
466 783 510 807 est
521 777 552 806 in
564 777 687 806 homine
697 776 880 806 dominatus.
902 776 969 806 Nos
987 786 1070 805 cam-

179 818 237 859 pis,
265 829 318 849 nos
353 820 519 857 montibus,
546 819 697 849 fruimur:
732 819 825 849 nostri
854 824 925 849 sunt
953 828 1069 856 amnes,

179 862 273 892 nostri
295 862 397 893 lacus:
428 873 482 893 nos
503 862 605 903 fruges
625 862 762 900 serimus,
779 872 832 892 nos
853 863 991 892 arbores:
1016 871 1070 892 nos

179 914 329 945 aquarum
344 905 570 936 inductionibus
590 905 675 935 terris
697 905 912 935 fecunditatem
935 904 1066 940 damus;

178 957 233 977 nos
248 948 376 978 fiumina
396 959 543 987 arcemus,
565 948 734 989 dirigimus,
754 948 936 979 avertimus:
961 947 1070 978 nostris

178 990 309 1031 denique
320 992 461 1022 manibus
476 992 508 1022 in
523 1001 624 1022 rerum
640 991 749 1021 natura
764 991 850 1031 quasi
865 991 991 1021 alteram
1012 1000 1068 1020 na-

178 1038 278 1064 turam
295 1034 408 1065 efficere
423 1045 577 1065 conamur.

221 1077 313 1107 LXI.
348 1078 433 1115 Quid
449 1088 518 1108 vero
530 1078 544 1107 ’ἓ
567 1077 727 1108 hominum
742 1076 818 1107 ratio
833 1086 893 1106 non
908 1076 941 1106 in
956 1075 1067 1106 coelum

177 1129 274 1160 usque
302 1121 495 1161 penetravit?
528 1121 591 1151 Soli
615 1120 696 1150 enim
721 1130 758 1150 ex
782 1119 988 1150 animantibus
1012 1128 1066 1149 nos

176 1168 324 1193 astrorum
347 1169 441 1201 ortus,
465 1163 575 1201 obitus,
598 1173 761 1203 cursusque
782 1162 1000 1203 cognovimus:
1025 1163 1064 1193 ab

174 1204 335 1236 hominum
351 1216 459 1246 genere
473 1206 576 1236 finitus
592 1212 635 1236 est
651 1206 724 1243 dies,
737 1205 859 1243 mensis,
871 1215 989 1241 annus3
1013 1205 1066 1235 de-

175 1247 316 1279 fectiones
333 1249 401 1279 solis
417 1255 446 1279 et
460 1250 542 1279 lunae
557 1249 695 1289 cognitae,
708 1248 919 1289 praedictaeque
933 1248 964 1277 in
975 1257 1066 1278 omne

173 1298 328 1330 posterum
344 1298 476 1333 tempus,
488 1303 567 1332 quae,
581 1298 714 1332 quantae,
728 1291 862 1332 quando,
873 1291 983 1321 futurae
994 1291 1065 1321 sint.

174 1333 254 1371 Quae
277 1341 421 1365 contuens
445 1335 576 1371 animus,
603 1334 711 1375 accipit
733 1335 771 1364 ab
794 1334 840 1364 his
863 1334 1065 1374 cognitionem

174 1375 312 1407 Deorum
326 1389 335 1413 ς
360 1388 397 1407 ex
413 1379 475 1418 quiz
491 1378 585 1407 oritur
599 1377 714 1418 pietas3
739 1377 787 1407 cui
803 1377 963 1415 conjuncta
975 1376 1066 1415 justi-

172 1419 215 1449 tia
245 1426 299 1458 est,
327 1421 510 1461 reliquaeque
540 1421 686 1456 virtutes3
711 1430 727 1450 e
753 1420 864 1460 quibus
888 1420 950 1450 vita
975 1421 1063 1450 beata

172 1463 298 1499 exsistit,
315 1474 369 1503 par
390 1470 418 1493 et
439 1464 545 1493 similis
569 1463 726 1499 Deorum;
750 1463 836 1492 nulla
858 1473 900 1499 re,
925 1462 982 1492 nisi
1005 1462 1064 1491 im-

171 1506 364 1539 mortalitate,
383 1509 464 1546 (quae
486 1507 561 1536 nihil
585 1506 623 1535 ad
644 1507 721 1535 benc
740 1505 903 1535 vivendum
919 1505 1061 1545 pertinet)

170 1548 277 1578 cedens
293 1549 469 1579 coelestibus.
508 1550 631 1586 Quibus
647 1550 736 1578 rebus
752 1548 904 1588 expositis,
921 1548 992 1578 satis
1007 1547 1061 1577 do-

170 1591 265 1621 cuisse
282 1592 393 1629 videor,
409 1592 541 1622 hominis
556 1598 665 1622 natura
686 1597 800 1631 quanto
815 1601 919 1621 omnes
935 1591 1061 1621 anteiret

169 1634 347 1665 animantes.
380 1635 431 1665 Ex
449 1645 510 1676 quo
529 1635 618 1665 debet
637 1634 776 1674 intelligi,
793 1644 847 1664 nec
870 1633 999 1674 figuram
1021 1633 1060 1663 si-

169 1682 297 1718 tumque
326 1679 547 1715 membrorum,
572 1687 627 1708 nec
651 1677 765 1717 ingenii
789 1677 959 1717 mentisque
983 1676 1058 1714 vim,

169 1720 262 1749 talem
279 1720 355 1750 effici
370 1721 503 1761 potuisse
519 1720 654 1751 fortuna.
679 1720 797 1757 Restat,
815 1726 850 1750 ut
865 1719 1000 1757 doceam,
1017 1724 1063 1749 at-

168 1773 227 1803 que
253 1763 416 1804 aliquando
445 1774 593 1804 perorem,
625 1763 739 1800 omnia,
767 1773 836 1803 quae
862 1763 922 1793 sint
945 1762 976 1792 in
1002 1761 1061 1795 hoc
