1226 1935
206 103 266 134 116
331 103 456 135 Tusc.
473 103 645 143 QUAEs'r.
662 104 741 135 Lm.
753 104 780 136 1.
797 104 881 135 cn.
895 105 944 135 13.

193 199 296 220 cascos
332 190 466 231 appellat
492 189 624 229 Ennius,
659 201 721 221 esse
756 189 788 220 in
813 194 911 221 morte
945 200 1079 229 sensum,

194 242 294 272 neque
310 243 431 264 excessu
447 233 516 264 vitae
531 233 573 264 sic
588 234 679 264 deleri
699 234 867 271 hominem,
890 239 925 263 ut
943 233 1083 264 funditus

193 274 347 306 interiret:
372 276 464 317 idque
479 287 550 307 cum
565 277 670 307 multis
691 277 757 307 aliis
777 278 878 314 rebus,
895 282 962 306 tum
978 287 993 306 e
1008 286 1085 316 pon-

194 317 284 348 tificio
297 319 376 357 jure,
389 325 419 349 et
431 319 608 350 caerimoniis
623 320 840 360 sepulcrorum,
854 319 982 359 intelligi
993 319 1083 356 licet;

192 371 269 401 quas
284 362 426 392 maximis
441 363 569 402 ingeniis
584 363 703 403 praediti
719 373 773 392 nec
789 362 873 392 tanta
888 362 960 392 cura
975 362 1084 392 coluis-

191 409 268 440 sent,
283 413 337 434 nec
348 405 472 435 violatas
484 414 547 435 tam
560 405 736 446 inexpiabili
746 405 889 445 religione
901 405 1081 442 sanxissent,

192 446 249 476 nisi
265 446 397 478 haesisset
412 448 444 477 in
460 458 565 478 eorum
581 448 745 485 mentibus,
761 454 891 478 mortem
903 457 964 477 non
979 447 1083 477 interi-

190 494 257 519 tum
269 500 330 519 esse
345 491 448 520 onmia
457 491 613 521 tollentem
623 497 714 531 atque
729 491 890 527 delentem,
904 491 956 520 sed
968 501 1078 531 quam-

191 532 263 562 dam
288 534 375 573 quasi
399 533 622 573 migrationem,
647 534 977 574 commutationemque
1000 533 1080 571 vitae,

191 586 272 615 quae,
288 575 320 604 in
336 576 422 606 claris
437 576 507 606 viris
523 583 552 606 et
567 576 699 613 feminis,
723 576 787 605 dux
803 577 834 605 in
850 577 960 606 coelum
975 577 1082 606 soleret

189 628 272 654 esse3
305 618 336 648 in
361 619 474 649 caeteris
499 619 587 648 humi
616 619 804 655 retineretur,
836 624 865 649 et
894 624 1083 660 permaneret

192 666 305 691 tamen.
330 661 381 691 Ex
396 662 464 700 hoc,
482 668 511 692 et
526 668 698 692 nostrorum
714 662 866 702 opinione,

234 722 258 739 “
274 721 428 752 Romulus
443 721 475 751 in
491 722 563 752 coelo
578 732 649 752 cum
665 721 724 751 Dis
740 721 802 762 agit
818 720 953 760 aevum,”

189 796 235 828 ut,
252 791 342 821 famae
356 791 528 829 assentiens,
545 791 623 822 dixit
637 791 777 822 Ennius:
803 797 832 821 et
847 791 929 832 apud
942 791 1077 827 Graecos,

189 834 320 874 indeque
345 835 501 875 perlapsus
522 835 561 864 ad
584 845 650 873 nos,
676 840 704 864 et
728 844 824 875 usque
845 835 884 864 ad
905 835 1077 869 Oceanum,

192 877 350 914 Hercules,
381 883 482 907 tantus
512 884 541 908 et
570 883 633 908 tam
663 888 793 918 praesens
823 877 952 907 habetur
981 877 1077 907 Deus.

191 920 274 950 Hinc
296 920 390 950 Liber
412 920 508 957 Deus,
533 921 651 951 Semele
674 926 773 957 natus,
799 920 966 961 eademque
988 920 1079 950 fainae

188 963 360 993 celebritate
375 963 561 1003 Tyndaridae
582 963 700 999 fratres,
723 964 776 1004 qui
796 973 857 992 non
878 963 969 993 modo
990 963 1079 1002 adju-

189 1011 266 1036 tores
281 1006 312 1035 in
332 1006 444 1046 proeliis
464 1007 596 1037 victoriae
617 1006 723 1047 populi
744 1006 889 1043 Romani,
913 1005 964 1035 sed
985 1006 1077 1036 etiam

187 1049 298 1087 nuntii,
315 1049 406 1079 fuisse
421 1050 625 1090 perhibentur.
650 1049 761 1087 Quid?
786 1049 855 1083 Ino,
878 1049 988 1078 Cadmi
1002 1049 1075 1087 filia,

187 1102 299 1129 nonne,
317 1093 490 1122 Leucothea
505 1093 660 1123 nominata
675 1103 693 1122 a
708 1092 832 1127 Graecis,
845 1092 970 1122 Matuta
984 1092 1077 1122 habe-

187 1140 237 1164 tur
251 1146 269 1164 a
283 1135 412 1166 nostris?
437 1135 522 1173 Quid
535 1138 548 1166 ἓ
571 1141 669 1166 totum
682 1146 775 1176 prope
786 1135 895 1165 coelum
909 1138 960 1168 (ne
975 1135 1077 1175 plures

187 1185 363 1219 persequar)
377 1188 477 1209 nonne
492 1179 627 1209 humano
642 1188 749 1219 genere
764 1178 950 1218 completum
965 1179 1033 1208 est?

230 1221 330 1251 XIII.
355 1221 388 1251 Si
409 1232 477 1252 vero
498 1221 622 1252 scrutari
640 1228 751 1258 vetera,
768 1228 797 1251 et
818 1232 856 1251 ex
877 1220 924 1250 his
945 1231 991 1257 ea,
1009 1231 1078 1261 quae

188 1264 344 1304 scriptores
361 1265 460 1294 Graeci
475 1265 683 1305 prodiderunt,
697 1274 799 1294 eruere
814 1274 922 1299 coner3
946 1263 1004 1304 ipsi
1019 1263 1076 1301 illi,

187 1308 339 1346 majorum
364 1308 502 1347 gentium
518 1307 572 1338 Dii
594 1308 647 1348 qui
671 1308 832 1344 habentur,
856 1307 927 1336 hinc
947 1317 966 1336 a
990 1306 1076 1337 nobis

184 1350 309 1390 profecti
327 1351 359 1380 in
375 1351 483 1380 coelum
505 1351 698 1391 reperientur.
732 1352 855 1388 Quaere,
873 1359 1005 1390 quorum
1023 1349 1076 1379 de-

186 1399 392 1423 monstrantur
412 1394 548 1434 sepulcra
566 1394 597 1423 in
615 1393 751 1424 Graecia:
776 1393 976 1429 reminiscere,
998 1403 1075 1433 quo-

186 1436 269 1466 niam
296 1446 327 1466 es
351 1436 497 1473 initiatus,
525 1448 594 1478 quae
617 1436 778 1466 traduntur
803 1435 974 1476 mysteriis:
1008 1442 1075 1466 tum

184 1479 326 1520 denique,
345 1490 438 1521 quam
458 1480 515 1510 hoc
535 1481 594 1510 late
614 1485 726 1520 pateat,
746 1479 904 1519 intelliges.
928 1478 999 1517 Sed,
1020 1478 1074 1519 qui

185 1522 323 1552 nondum
340 1533 384 1560 ea,
398 1533 467 1563 quae
481 1523 586 1553 multis
595 1528 663 1563 post
677 1522 763 1552 annis
776 1522 895 1552 tractari
907 1521 1074 1562 coepissent,

186 1565 311 1606 physica
325 1565 508 1603 didicissent,
525 1571 645 1596 tantum
664 1565 720 1595 sibi
741 1570 960 1606 persuaserant,
976 1574 1074 1605 quan-

185 1614 253 1638 tum
265 1609 374 1639 natura
385 1609 567 1640 admonente
578 1614 779 1648 cognoverant
789 1618 799 1644 ς
821 1608 951 1637 rationes
963 1613 992 1637 et
1003 1617 1074 1638 cau-

184 1662 231 1681 sas
246 1661 348 1682 rerum
363 1661 424 1681 non
439 1653 591 1682 tenebant.
615 1651 698 1682 Visis
714 1650 898 1692 quibusdam
913 1660 992 1690 saepe
1006 1660 1073 1680 mo-

184 1696 343 1731 vebantur,
366 1694 474 1735 hisque
495 1695 631 1725 maxime
652 1694 817 1733 nocturnis,
840 1700 876 1724 ut
901 1693 1074 1724 viderentur

184 1737 216 1775 ii,
234 1737 287 1778 qui
303 1737 365 1768 vita
380 1744 576 1776 excesserant,
593 1738 701 1768 vivere.

226 1781 271 1811 Ut
296 1791 385 1822 porro
408 1781 629 1818 firmissimum,
657 1781 714 1812 hoc
740 1781 839 1812 afferri
866 1779 996 1819 videtur,
1018 1790 1075 1810 cur
