1226 1935
215 79 256 110 48
340 79 401 111 DE
425 80 624 120 FINIBUS,
649 80 728 112 Lm.
746 81 805 112 IV.
830 81 913 112 cip.
934 82 981 112 16.

213 164 336 204 errasse,
361 167 414 207 qui
438 167 530 198 finem
551 169 701 198 bonorum
722 178 784 197 esse
804 167 959 204 dixerunt,
983 165 1107 197 honeste

212 207 327 239 vivere:
348 210 401 240 sed
412 210 489 240 alius
501 211 560 240 alio
572 211 686 251 magis:
706 210 824 251 Pyrrho
837 211 948 240 scilicet
959 209 1106 246 maxime,

212 251 277 291 qui,
295 251 405 283 virtute
424 254 598 289 constitut-21„
615 254 692 283 nihil
707 253 842 290 omnino⁷
860 253 943 293 quod
963 259 1108 292 appeten-

211 293 287 323 dum
310 295 358 333 sit,
378 295 548 336 relinquat:
577 296 685 326 deinde
705 296 821 332 Aristo,
844 296 897 336 qui
919 295 996 325 nihil
1017 295 1107 324 relin-

212 347 304 376 quere
319 348 380 367 non
396 344 440 368 est
451 350 561 369 ausus:
583 339 751 369 introduxit
766 345 880 375 autem,
897 338 1008 378 quibus
1025 347 1107 367 com-

211 386 312 411 motus
337 381 453 421 sapiens
478 388 630 422 appeteret
659 381 806 422 [aliquid]
835 381 1051 422 quodcumque
1075 381 1107 410 in

210 429 345 453 mentem
365 424 518 461 incideret,
540 430 570 454 et
589 425 803 465 quodcumque
824 430 983 464 tamquam
1004 434 1108 453 occur-

209 471 296 495 reret.
325 467 357 497 Is
372 466 428 497 hoc
443 467 550 497 melior
565 477 658 507 quam
676 467 805 507 Pyrrho,
823 467 905 506 quod
922 467 968 496 vel
984 466 1108 506 aliquod

209 518 306 548 genus
324 509 486 550 appetendi
504 510 606 545 dedit;
631 510 759 540 deterior
779 520 873 550 quam
894 509 1003 544 caeteri,
1026 508 1108 549 quod

210 551 331 591 penitus
346 563 364 582 a
380 553 489 582 natura
504 553 631 583 recessit.
665 552 758 582 Stoici
778 558 893 589 autem,
915 551 996 592 quod
1016 551 1108 581 finem

210 594 360 624 bonorum
376 595 407 625 in
420 596 482 625 una
494 596 603 625 virtute
615 601 744 635 ponunt,
759 594 870 624 similes
882 601 953 624 sunt
965 595 1106 624 illorum:

209 637 291 677 quod
307 644 409 668 autem
426 638 611 678 principium
623 638 713 667 officii
725 643 876 678 quierunt,
890 637 1000 666 melius
1012 647 1107 677 quam

212 679 352 720 Pyrrho:
378 681 460 721 quod
481 691 516 711 ea
536 691 596 710 non
622 680 807 710 occurrentia
831 680 963 720 fingunt,
982 680 1109 710 vincunt

210 722 388 753 Aristonem
400 735 408 753 ε
430 724 513 764 quod
529 729 631 754 autem
647 734 692 760 ca,
706 733 775 764 quae
787 723 826 752 ad
839 730 978 752 naturam
991 733 1109 752 accom-

209 765 344 803 modata,
362 772 391 796 et
406 777 459 806 per
475 777 506 796 se
522 766 703 796 assumenda
718 776 780 796 esse
794 766 909 803 dicunt,
923 776 983 795 non
1000 765 1109 804 adjun-

209 814 289 848 gunt
304 809 342 838 ad
358 809 450 839 finem
467 811 629 847 bonorum,
646 809 814 839 desciscunt
829 819 847 838 a
858 808 977 843 natura„
992 815 1021 838 et
1032 819 1109 849 quo-

209 851 281 880 dam
298 852 389 882 modo
405 858 476 882 sunt
492 862 552 882 non
573 852 732 882 dissimiles
753 851 915 881 Aristonis.
950 851 1007 881 Ille
1026 852 1107 881 enim

209 895 396 925 occurrentia
415 895 514 925 nescio
535 906 604 935 quae
625 895 926 925 comminiscebatur:
951 894 983 923 hi
1004 900 1108 924 autem

208 943 328 977 ponunt
343 938 389 968 illi
405 937 528 978 quidem
545 938 645 978 prima
656 944 783 974 naturae,
800 937 851 967 sed
867 948 902 967 ea
915 938 1078 977 sejungunt
1090 948 1108 967 a

207 979 331 1017 finibus,
350 987 379 1012 et
395 992 412 1011 a
428 981 549 1011 summit
564 982 731 1011 bonorum:
754 991 823 1021 quae
835 990 905 1010 cum
921 986 1107 1020 proponunt,

206 1028 241 1052 ut
257 1023 294 1053 sit
309 1024 413 1064 aliqua
424 1034 525 1054 rerum
542 1023 680 1058 selectim
695 1030 836 1053 naturam
847 1023 986 1053 videntur
1002 1023 1105 1063 sequi:

207 1075 279 1095 cum
300 1072 402 1096 autem
425 1072 538 1107 negant
560 1077 594 1097 ea
616 1066 786 1107 quidquam
809 1066 848 1095 ad
869 1067 989 1096 beatam
1013 1066 1107 1096 vitam

206 1108 368 1149 pertinere,
385 1120 489 1140 rursus
504 1116 645 1139 naturam
662 1110 848 1150 relinquunt.

249 1151 357 1193 Atque
383 1153 482 1183 adhuc
510 1152 577 1193 [ea]
606 1152 681 1188 dixi,
710 1163 763 1182 cur
789 1162 878 1182 causa
905 1151 1022 1182 Zenoni
1045 1161 1105 1182 non

205 1193 321 1232 fuisset,
342 1197 542 1236 quamobrem
564 1206 582 1225 a
604 1195 794 1235 superiorum
816 1195 992 1225 auctoritate
1014 1195 1109 1224 disce-

206 1237 299 1267 deret.
335 1239 367 1268 N
371 1248 430 1268 unc
456 1239 573 1278 reliqua
599 1238 756 1268 videamus
770 1249 779 1273 ;
812 1237 869 1267 nisi
890 1244 943 1267 aut
967 1237 1005 1267 ad
1030 1238 1106 1275 haec,

208 1280 296 1317 Cato,
311 1280 409 1311 dicere
421 1281 538 1322 aliquid
550 1281 605 1319 vis,
618 1286 672 1311 aut
683 1290 736 1311 nos
749 1281 814 1320 jam
826 1280 976 1321 longiores
989 1291 1104 1310 sumus.

207 1323 364 1354 Neutrum
380 1335 461 1362 vero,
478 1324 579 1365 inquit
594 1324 663 1354 ille:
686 1333 759 1353 nam
775 1330 804 1354 et
820 1334 838 1353 a
849 1330 878 1353 te
893 1322 995 1363 perfici
1011 1323 1100 1353 istam

205 1366 441 1406 disputationem
458 1368 545 1403 v010;
567 1377 621 1397 nec
637 1373 690 1397 tua
705 1367 781 1396 mihi
797 1366 892 1396 oratio
907 1367 999 1406 longa
1011 1366 1106 1396 videri

205 1415 313 1450 potest.
353 1409 492 1450 Optime,
518 1410 644 1451 inquam
659 1421 666 1439 :
696 1410 770 1450 quid
797 1409 878 1440 enim
905 1409 982 1438 mihi
1008 1415 1106 1449 potest

205 1462 267 1482 esse
283 1453 426 1493 optatius,
443 1463 537 1494 quam
559 1463 630 1483 cum
650 1453 777 1490 Catone,
799 1452 939 1483 omnium
955 1452 1105 1483 virtutum

205 1501 337 1533 auctore,
354 1496 391 1526 de
407 1496 569 1527 virtutibus
584 1496 762 1537 disputare?

249 1539 310 1568 Sed
322 1539 457 1579 primum
470 1540 547 1569 illud
560 1539 638 1575 vide,
652 1538 862 1579 gravissimam
874 1537 960 1568 illam
973 1543 1103 1568 vestram

206 1582 397 1620 sententiam,
424 1593 493 1623 quae
513 1582 663 1612 familiam
683 1582 778 1619 ducit,
803 1582 1000 1611 “honestum
1022 1580 1105 1621 quod

205 1624 255 1661 sit,
272 1624 303 1654 id
319 1635 381 1655 esse
397 1626 495 1655 solum
514 1626 651 1661 b0num3
675 1624 860 1665 honesteque
878 1624 987 1659 vivere,
1010 1625 1106 1654 bono-

204 1677 275 1697 rum
298 1667 426 1706 finem?
449 1678 644 1699 communem
665 1668 728 1698 fore
752 1668 836 1698 vobis
858 1677 927 1697 cum
949 1667 1104 1703 omnibus,

203 1710 257 1750 qui
269 1710 300 1740 in
313 1711 375 1740 unfi
388 1711 499 1742 virtute
509 1711 697 1742 constituunt
709 1711 800 1741 finem
813 1712 974 1741 bonorum.
997 1709 1107 1747 Quod-

204 1763 264 1792 que
288 1753 398 1793 dicitis,
423 1754 580 1786 informari
601 1764 662 1786 non
686 1765 771 1795 posse
792 1754 947 1791 virtutem,
970 1752 994 1784 si
1015 1752 1106 1793 quid-
