1180 1935
183 80 247 111 386
291 80 352 112 DE
376 81 483 113 NAT.
500 81 637 113 DEOR.
655 81 733 112 Lm.
751 81 797 111 ΙΙ.
815 80 899 111 Cir:
916 80 967 110 53.

228 167 304 197 LII.
328 167 510 198 Testudines
527 174 630 198 autem
645 173 674 197 et
689 167 850 198 crocodilos
868 166 982 202 dicunt,
999 174 1069 195 cum

183 209 216 240 in
228 210 305 240 terrai
320 217 441 251 partum
457 211 614 247 ediderint,
631 212 756 240 obruere
771 220 838 245 ova,
854 208 961 240 deinde
976 208 1070 238 disce-

183 253 270 284 dere:
296 254 338 284 ita
359 260 388 284 et
406 260 570 284 nascuntur
592 260 621 284 et
648 253 814 283 educantur
838 253 903 293 ipsa
924 262 977 292 per
998 261 1069 281 sese.

183 296 206 326 J
209 307 258 326 am
274 297 405 337 gallinae,
422 307 551 337 avesque
565 297 699 337 reliqum,
716 302 745 326 et
760 296 897 336 quietum
914 294 1071 335 requirunt

184 339 222 369 ad
244 340 421 380 pariendum
442 341 555 376 locum,
580 345 608 369 et
628 339 738 369 cubilia
759 338 814 368 sibi
835 339 980 378 nidosque
1001 347 1071 367 con-

184 388 325 419 struunt;
351 393 459 424 eosque
482 393 575 423 quam
600 388 724 422 possunt
743 381 919 412 mollissime
940 381 1070 410 subster-

184 432 273 462 nunt,
297 432 332 456 ut
352 436 444 466 quam
467 426 609 455 facillime
629 436 685 455 ova
705 430 876 455 servzentur
902 434 939 454 ex
960 423 1071 464 quibus

183 469 283 509 pullos
298 479 367 499 cuin
384 468 574 505 excluserint,
597 468 639 498 ita
654 474 788 504 tuentur,
804 473 839 497 ut
855 473 883 497 et
904 466 1010 507 pennis
1024 466 1070 496 fo-

183 517 283 549 veant,
301 522 338 542 ne
353 512 462 550 frigore
477 511 645 547 laedantur-3
670 517 709 547 et,
727 510 751 541 si
766 516 809 541 est
825 511 904 540 calor
920 520 937 539 a
952 509 1023 545 sole,
1040 518 1070 538 se

183 561 346 595 opponant.
383 555 463 585 Cum
484 560 586 584 autem
608 554 686 595 pulli
706 553 846 595 pennulis
867 553 912 583 uti
931 557 1068 593 possunt,

182 602 249 627 tum
277 598 394 628 volatus
419 608 522 628 eorum
549 603 659 627 matres
683 602 929 638 prosequuntur3
953 594 1070 635 reliqua

183 650 255 670 cura
270 641 445 671 liberantur.

226 683 354 714 Accedit
374 683 413 713 ad
436 684 653 713 nonnullorum
678 683 891 719 animantium,
915 688 943 712 et
967 690 1071 711 earum

182 736 284 757 rerum
300 738 375 767 quas
391 733 468 757 terra
486 727 594 767 gignit,
619 726 871 756 conservationem
887 731 917 755 et
931 725 1070 757 salutem,

184 769 345 799 hominum
366 770 457 800 etiam
479 769 610 800 sollertia
629 775 658 800 et
673 769 837 809 diligentia.
862 769 946 798 Nam
966 767 1072 797 multae

184 818 213 842 et
225 813 353 853 pecudes
368 818 397 843 et
409 813 513 853 stirpes
525 818 606 851 sunt,
623 824 703 853 quae,
721 812 783 842 sine
798 811 1005 852 procuratione
1017 810 1071 839 ho-

184 855 316 890 minum,
341 856 430 886 salvae
446 867 507 887 esse
522 866 583 885 non
598 861 732 896 possunt.
767 855 892 895 Magnae
912 854 1001 884 etiam
1018 863 1072 893 op-

183 899 394 939 portunitates,
419 899 457 929 ad
478 899 594 929 cultum
619 899 778 928 hominum
799 904 890 939 atque
913 896 1071 927 abundan-

184 941 271 978 tiam,
284 942 351 972 aliae
367 942 452 972 aliis
444 952 475 971 ln
487 942 559 972 locis
571 942 768 983 reperiuntur.
794 942 966 982 AEgyptum
979 939 1072 969 Nilus

182 983 308 1024 irrigat;
332 990 372 1021 et,
396 995 466 1015 cum
490 985 553 1015 tota
573 990 674 1015 aestate
696 986 834 1015 obrutam
856 981 1072 1024 oppletamque

183 1028 292 1064 tenuit,
316 1034 383 1058 tum
404 1028 524 1066 recedit,
547 1028 740 1068 mollitosque
761 1034 790 1057 et
810 1027 969 1057 oblimatos
985 1034 1071 1065 agros

184 1070 222 1100 ad
239 1071 398 1101 serendum
414 1071 566 1112 relinquit.
591 1070 845 1119 Mesopotamiam
862 1069 991 1100 fertilem
1007 1068 1070 1098 effi-

183 1113 223 1143 cit
239 1114 432 1155 Euphrates;
450 1114 481 1144 in
497 1124 589 1154 quam
606 1114 766 1154 quotannis
779 1113 864 1154 quasi
880 1122 938 1142 nov
940 1122 972 1141 os
984 1121 1070 1151 agros

182 1156 307 1187 invehit.
352 1157 449 1187 Indus
475 1168 555 1193 vero,
589 1157 642 1197 qui
668 1163 712 1187 est
737 1156 875 1186 omnium
905 1155 1069 1184 fluminum

181 1200 347 1237 maximus,
364 1209 424 1230 non
440 1211 521 1240 aqua
536 1201 635 1230 solum
651 1210 736 1240 agros
748 1199 880 1229 laetificat
895 1204 925 1228 et
939 1197 1070 1237 mitigat,

182 1242 234 1272 sed
249 1253 298 1273 eos
313 1243 403 1273 etiam
420 1243 564 1273 conserit:
589 1253 734 1283 magnam
750 1242 831 1272 enim
845 1241 907 1272 vim
919 1241 1070 1271 seminum

182 1296 296 1324 secum,
319 1286 465 1316 frumenti
485 1286 643 1321 similium,
667 1285 776 1315 dicitur
793 1285 958 1325 deportare.
982 1283 1066 1313 Mul-

181 1333 273 1369 taque
285 1329 363 1359 alia
355 1339 386 1359 m
402 1329 467 1359 aliis
481 1329 554 1359 locis
569 1328 845 1359 commemorabilia
858 1327 990 1368 proferre
1001 1336 1070 1367 pos-

182 1382 270 1401 sum:
294 1373 407 1402 multos
422 1372 533 1402 fertiles
548 1383 645 1412 agros,
662 1372 735 1402 alios
751 1371 879 1401 aliorum
895 1370 1060 1403 fructuum.

226 1414 322 1445 LIII.
346 1415 405 1446 Sed
430 1415 482 1445 illa
506 1420 620 1456 quanta
642 1414 811 1455 benignitas
833 1420 960 1450 naturae,
988 1411 1069 1461 quod

182 1463 246 1488 tam
270 1459 368 1488 multa
394 1458 432 1488 ad
456 1459 648 1495 vescendum,
673 1463 735 1488 tam
759 1457 851 1493 varia,
875 1462 999 1505 tamque
1020 1456 1070 1494 ju-

181 1500 291 1539 cunda,
315 1501 432 1542 gignit!
458 1511 556 1542 neque
572 1512 606 1532 ea
620 1511 682 1531 uno
694 1506 828 1554 tempore
843 1500 925 1536 anni,
942 1504 977 1529 ut
992 1508 1070 1528 sem-

180 1554 235 1584 per
259 1550 288 1574 et
311 1544 443 1575 novitate
466 1544 660 1581 delectemur,
684 1550 713 1575 et
733 1544 828 1584 copia.
866 1542 971 1580 Quam
993 1547 1070 1572 tem-

181 1587 311 1626 pestivos
337 1593 439 1618 autem
466 1587 559 1626 dedit,
592 1598 685 1629 quam
712 1588 867 1636 salutares,
891 1596 952 1615 non
978 1584 1069 1615 modo

181 1629 342 1661 hominum
367 1631 419 1662 sed
444 1631 535 1661 etiam
562 1631 713 1671 pecudum
739 1631 852 1671 generi,
879 1629 915 1659 iis
941 1627 1070 1668 denique

179 1673 322 1704 omnibus
338 1684 407 1715 quae
421 1674 559 1704 oriuntur
574 1685 590 1704 e
605 1674 694 1709 terra,
711 1680 814 1703 ventos
830 1672 967 1703 Etesias!
993 1681 1069 1711 quo-

180 1726 250 1746 rum
262 1716 335 1747 flatu
348 1717 435 1747 nimii
446 1723 653 1757 temperantur
663 1717 793 1747 calores:
812 1717 849 1746 ab
860 1715 966 1745 iisdem
979 1714 1069 1744 etiam

182 1759 328 1791 maritimi
351 1770 456 1792 cursus
479 1761 588 1792 celeres
612 1766 640 1791 et
664 1760 736 1791 certi
760 1759 941 1800 diriguntur.
965 1757 1070 1788 Multa
