1226 1935
227 110 290 143 340
334 112 396 143 DE
422 112 529 143 NAT.
554 112 691 144 DEOR.
709 113 787 144 Lm.
805 112 851 144 ΙΙ.
869 113 952 144 CAP.
966 114 996 144 3.

227 198 342 229 saeculis
367 199 565 240 aetatibusque
587 199 749 229 hominum
769 199 934 230 inveterare
958 198 1113 240 potuisset.

227 242 353 271 Etenim
366 242 514 279 videmus,
528 249 646 273 caeteras
658 243 814 283 opiniones
826 243 908 272 fictas
920 248 1011 283 atque
1023 251 1115 272 vanas

227 284 425 315 diuturnitate
441 286 618 316 extabuisse.
643 286 722 323 Quis
734 287 815 316 enim
830 286 1115 326 Hippocentaurum

227 327 330 363 fuisse,
351 334 403 358 aut
419 329 615 366 Chimaeram,
632 331 744 368 putat?
768 339 873 370 quaeve
893 339 968 358 anus
984 334 1047 358 tam
1063 338 1116 357 ex-

227 381 291 400 cors
307 371 433 401 inveniri
448 378 531 411 pzsitc
528 377 555 407 ·,t
576 382 644 412 quae
666 372 729 409 illa,
752 383 821 412 quae
841 372 995 412 quondam
1016 370 1117 400 ciede-

227 414 349 450 bantur,
372 415 453 454 apud
474 415 583 444 inferos
604 420 742 455 portenta
762 415 961 445 extimescat?
986 413 1116 454 Opinio-

228 466 305 486 num
336 467 371 487 eu
376 457 417 486 im
443 468 541 487 comm
545 464 613 487 enta
637 457 717 487 delet
742 458 825 493 dies;
861 464 978 487 naturae
1000 456 1116 495 judicia

227 499 538 541 confirmat.1taque
554 506 582 530 et
597 501 628 530 in
644 506 745 530 nostro
760 501 885 541 populo,
899 506 928 530 et
941 500 973 529 in
989 499 1114 538 caeteris,

227 542 365 572 Deorum
382 544 490 580 cultus,
513 543 755 584 religionumque
770 543 950 581 sanctitates,
968 543 1116 572 exsistunt

224 585 257 615 111
281 586 343 615 dies
366 587 494 625 majores
515 593 606 627 atque
631 586 777 616 meliores.
812 586 911 626 quue
934 585 1032 616 evenit
1052 595 1113 615 non

227 634 351 665 temere,
377 639 431 659 nec
455 640 537 665 casu,
559 629 610 659 sed
629 629 711 669 quod
729 629 919 669 praesentiam
940 638 1017 669 saepe
1041 627 1115 658 Divi

227 682 314 701 suam
330 671 502 708 declarant3
527 678 561 702 ut
576 678 604 702 et
619 672 701 712 apud
718 673 874 713 Regillum
890 672 970 702 bello
986 670 1114 701 Latino-

227 724 309 751 rum,
326 725 396 744 cum
412 715 453 745 A.
472 716 647 745 Postumius
663 715 790 745 dictator
807 725 877 745 cum
894 714 1022 746 Octavio
1041 714 1115 743 Ma-

227 757 313 787 milio
339 758 516 789 Tusculano
545 758 650 799 proelio
675 758 841 796 dimicaret,
869 758 900 787 in
926 757 1028 787 nostra
1053 757 1116 787 acie

228 800 335 830 Castor
351 807 379 831 et
396 802 508 832 Pollux
525 812 562 832 ex
578 801 663 842 equis
678 812 813 842 pugnare
828 801 883 831 visi
899 807 990 836 sunt3
1014 805 1053 837 et,
1070 810 1117 829 re·-

227 844 357 874 centiore
377 845 534 881 memoria,
556 844 648 874 iidem
669 844 855 885 'l'yndaridae
872 844 983 874 Persen
1002 843 1116 873 victum

226 887 453 918 nuntiaverunt.
478 888 513 918 P.
531 888 611 918 enim
626 887 785 925 Vatienus,
802 898 876 917 avus
895 887 987 926 hujus
1002 885 1118 916 adoles-

227 930 331 968 centis,
348 940 418 960 cum
440 941 456 961 e
476 931 654 971 praefecturfr
675 931 807 961 Reatina
826 931 960 960 Romam
982 929 1114 959 venienti

227 978 318 1003 noctu
334 973 395 1003 duo
407 975 534 1013 juvenes
550 985 620 1004 cum
636 974 720 1015 equis
736 974 811 1003 albis
836 973 991 1009 dixissent,
1013 981 1116 1012 regem

228 1015 340 1046 Persen
356 1017 409 1046 illo
424 1017 472 1047 die
484 1023 618 1058 captum,
636 1017 752 1047 senatui
768 1016 937 1065 nun-tiavitg
962 1021 992 1045 et
1003 1015 1114 1055 primo,

226 1059 313 1098 quasi
328 1065 440 1090 temere
455 1060 491 1090 de
507 1060 661 1101 republica
680 1061 809 1097 locutus,
828 1060 859 1089 in
876 1068 1023 1089 carcerem
1044 1067 1116 1088 con-

224 1102 322 1140 jectus
338 1109 400 1132 est:
426 1109 503 1144 post,
529 1114 547 1133 a
576 1103 673 1133 Paulo
699 1103 792 1132 literis
813 1102 922 1139 allatis,
945 1111 1015 1132 cum
1033 1100 1115 1130 idem

226 1144 288 1174 dies
308 1146 505 1181 constitisset3
530 1152 559 1176 et
574 1157 645 1186 agro
661 1157 678 1176 a
699 1152 815 1183 senatu,
832 1151 861 1175 et
882 1144 1045 1181 vacatione,
1062 1143 1116 1173 do-

226 1194 316 1217 natus
340 1194 393 1218 est.
425 1169 532 1230 Atque
558 1190 649 1219 etiam
676 1199 746 1219 cum
771 1188 809 1218 ad
835 1188 963 1217 fluvium
988 1187 1115 1227 Sagram

227 1230 416 1262 Crotoniatas
429 1232 519 1262 Locri
538 1232 673 1262 maximo
688 1232 792 1272 proelio
808 1231 872 1261 dev
865 1231 994 1267 lcissent,
1007 1240 1041 1260 eo
1051 1229 1116 1270 ipso

226 1273 275 1303 (lie
290 1274 425 1305 auditam
442 1286 503 1305 esse
527 1286 593 1305 eam
615 1284 752 1315 pugnam
772 1274 852 1304 ludis
868 1252 1034 1314 Olympiae,
1051 1282 1116 1302 me-

227 1317 332 1347 moriae
347 1318 501 1357 proditum
518 1324 570 1348 est.
595 1318 681 1358 Saepe
697 1317 873 1347 Faunorum
890 1326 974 1346 voces
990 1315 1115 1345 exaudi-

225 1364 275 1396 tae,
290 1370 367 1401 saepe
382 1361 452 1391 visae
467 1361 572 1390 formae
588 1361 737 1396 Deorum,
754 1359 903 1400 quemvis,
916 1369 977 1389 non
996 1364 1049 1388 aut
1062 1358 1116 1388 he-

227 1403 327 1432 betem
352 1410 405 1433 aut
431 1404 574 1444 impium,
601 1404 684 1434 Deos
710 1408 871 1444 praesentes
893 1412 956 1432 esse
981 1401 1116 1432 confiteri

226 1448 398 1485 coegerunt.

270 1489 336 1518 ΙΙΙ.
365 1489 578 1520 Praedictiones
605 1500 684 1526 vero,
712 1494 740 1520 et
770 1488 984 1530 praesensiones
1012 1497 1114 1518 rerum

226 1531 411 1570 futurarum,
428 1533 501 1574 quid
522 1533 605 1563 aliud
620 1533 783 1569 declarant,
800 1532 858 1562 nisi
878 1531 1052 1562 hominibus
1067 1541 1113 1569 ea,

226 1585 295 1614 quae
315 1575 386 1613 sint,
403 1576 530 1613 ostendi,
547 1576 718 1612 monstrari,
739 1575 889 1616 portendi,
906 1574 1051 1615 praedici?
1075 1583 1114 1604 ex

226 1628 287 1657 quo
303 1617 355 1648 illa
370 1625 496 1667 ostenta,
519 1625 663 1654 monstra,
681 1625 829 1659 portenta,
851 1618 988 1659 prodigia
1007 1617 1114 1646 dicun-

226 1665 285 1689 tur.
309 1661 402 1698 Quod
423 1662 446 1691 si
470 1673 504 1692 ea
526 1663 594 1692 ficta
615 1662 764 1692 credimus
782 1661 904 1691 licentia
925 1660 1111 1697 fabularum,

226 1702 386 1744 Mopsum,
398 1705 437 1734 Τ
430 1705 560 1744 uesiam,
572 1705 813 1746 Amphiaraum,
826 1704 1035 1741 Calchantem,
1047 1702 1114 1732 He-

224 1746 351 1783 lenum3
376 1758 451 1788 quos
467 1754 568 1778 tamen
584 1759 714 1788 augures
729 1758 767 1778 ne
787 1747 859 1788 ipsae
880 1746 1003 1788 quidem
1023 1745 1113 1775 fabu-

222 1788 261 1819 1ae
284 1789 486 1830 adscivissent,
509 1791 533 1822 si
554 1802 600 1822 res
619 1791 744 1822 omnino
764 1790 977 1832 repudiarent3
1001 1799 1039 1820 ne
1056 1788 1110 1818 do-
