1180 1935
133 81 193 113 DE
217 82 325 113 NAT.
349 81 486 114 DEOR.
511 81 591 113 Lm.
609 81 654 113 11.
679 81 764 113 CM‘.
781 82 831 112 28.
869 81 933 111 363

45 167 188 198 omnibus
203 168 350 199 sideribus
364 173 409 200 est
424 174 538 207 tantus,
557 167 606 198 vel
625 167 710 209 quia,
731 177 801 200 cum
823 172 867 198 est
881 176 934 196 ex-

46 216 142 247 ortus,
167 211 331 242 obscuratis
355 211 510 249 omnibus,
535 212 616 241 solus
636 216 781 251 apparet3
807 210 899 240 Luna
917 219 936 239 a

48 254 173 283 lucendo
189 254 345 284 nominata
360 255 416 285 sit:
437 253 542 284 eadem
559 259 603 284 est
618 254 699 283 enim
717 253 843 283 Lucina.
873 253 935 282 Ita-

48 306 119 336 que,
136 302 171 326 ut
186 297 268 337 apud
288 298 409 328 Graecos
431 297 577 335 Dianam,
599 306 728 337 eamque
749 295 935 331 Luciferam,

49 339 90 369 sic
105 339 187 379 apud
202 346 318 370 nostros
333 340 355 370 J
359 350 491 370 unonem
507 339 659 370 Lucinam
673 339 706 368 in
726 337 870 379 pariendo
889 338 936 368 in·-

50 388 177 418 vocant3
201 393 272 423 quae
286 383 391 413 eadem
407 383 509 413 Diana
529 382 692 422 omnivaga
705 381 826 418 dicitur,
843 390 903 410 non
919 391 937 410 a

49 426 196 462 venando,
218 425 268 456 sed
290 426 372 466 quod
393 426 424 456 in
446 432 561 466 septem
581 431 759 455 numeratur
778 430 935 464 tamquam

51 470 243 505 vagantibus.
267 468 370 499 Diana
385 469 475 506 dicta,
492 468 565 509 quia
580 474 671 498 noctu
683 468 769 508 quasi
781 467 862 496 diem
874 465 937 495 effi-

49 517 137 540 ceret.
170 511 346 542 Adhibetur
365 518 468 542 autem
490 511 529 541 ad
549 517 664 552 partus,
691 510 773 551 quod
793 509 814 539 ii
836 515 938 538 matu-

51 560 170 584 rescunt
185 560 237 584 aut
249 560 362 595 septem
375 564 609 595 nonnunquam,
621 559 685 591 aut,
698 560 733 583 ut
745 553 937 594 plerumque,

50 605 160 626 novem
176 597 258 627 lunae
272 598 428 634 cursibus,
454 597 519 638 qui,
541 597 614 638 quia
633 607 739 627 mensa
756 595 853 637 spatia
866 604 939 625 oon-

51 638 167 677 ficiunt,
180 650 295 670 menses
310 640 516 671 nominantur.
541 640 768 681 Concinneque,
779 644 814 669 ut
828 637 939 674 multa,

50 681 201 719 Timaeus,
223 683 289 723 qui,
310 694 383 713 cum
407 683 439 713 in
463 683 589 714 historin
610 683 746 719 dixisset,
769 681 831 722 quit
854 685 940 711 nocte

52 731 140 755 natus
156 725 333 756 Alexander
353 733 439 764 esset,
456 726 561 756 endem
581 725 691 756 Dianae
706 725 849 766 Ephesiae
864 730 941 753 tem-

51 767 139 808 plum
154 768 374 809 deflagravisse,
392 769 544 808 adjunxit,
567 771 590 787 “
606 769 734 799 minime
753 767 786 797 id
805 777 867 797 esse
882 766 941 796 mi-

52 810 195 847 randum,
211 811 294 852 quod
309 811 424 847 Diana,
436 822 509 842 cum
523 812 555 842 in
571 818 661 852 partu
675 810 872 851 Olympiadis
887 809 941 839 ad-

51 863 114 884 esse
130 854 282 890 voluisset,
298 855 443 884 abfuisset
455 854 582 884 domo.”
605 855 687 891 Quae
701 860 803 884 autem
819 852 887 882 Dea
902 851 941 882 ad

54 907 99 926 res
120 906 224 927 omnes
245 898 374 934 veniret,
395 897 548 927 Venerem
570 897 665 927 nostri
686 896 940 930 nominaverunt3

52 945 145 980 atque
169 950 207 970 ex
230 940 266 971 αἱ
290 940 391 981 potius
414 945 567 978 venustas,
588 949 684 981 quam
704 939 810 970 Venus
831 947 870 969 ex
891 947 942 968 ve-

53 988 181 1013 nustate.

97 1025 264 1056 XXVIII.
287 1024 446 1056 Videtisne
468 1026 572 1066 igitur,
595 1031 642 1063 ut,
664 1035 682 1055 a
701 1024 833 1066 physicis
854 1024 944 1054 rebus

53 1069 131 1099 bene
149 1074 242 1109 atque
264 1069 379 1099 utiliter
397 1069 539 1107 inventis,
556 1075 650 1099 tracta
664 1068 739 1098 ratio
755 1067 793 1098 sit
807 1067 846 1098 ad
861 1076 944 1097 com-

55 1111 212 1142 menticios
227 1118 257 1142 et
271 1112 356 1143 fictos
377 1112 460 1142 Deos
473 1114 486 1143 ?
510 1123 580 1153 quae
594 1122 641 1142 res
655 1111 761 1152 genuit
776 1110 865 1140 falsas
879 1109 945 1150 opi-

55 1155 171 1192 niones,
184 1165 358 1196 erroresque
369 1155 570 1192 turbulentos,
584 1161 614 1185 et
625 1154 849 1195 superstitiones
860 1163 947 1193 paene

54 1197 158 1228 aniles.
182 1198 226 1228 Et
240 1197 346 1228 formae
361 1198 444 1228 enim
459 1198 546 1228 nobis
561 1198 711 1234 Deorum,
733 1202 763 1227 et
783 1202 896 1233 aetates,
915 1201 947 1226 et

56 1240 181 1271 vestitus
207 1246 403 1282 ornatusque,
434 1241 499 1271 noti
525 1247 620 1278 sunt;
653 1250 764 1281 genera
788 1246 944 1279 praeterea,

57 1284 210 1324 conjugia,
232 1284 436 1324 cognationes,
456 1285 620 1325 omniaque
635 1283 772 1313 traducta
786 1282 825 1312 ad
840 1281 946 1312 simili—

58 1326 195 1356 tudinem
211 1327 426 1357 imbecillitatis
440 1327 593 1358 humanae.
618 1327 703 1357 Nam
718 1333 748 1356 et
762 1324 946 1366 perturbatis

58 1369 167 1400 animis
182 1369 385 1400 inducuntur:
406 1370 571 1411 accipimus
582 1370 664 1401 enim
676 1369 815 1399 Deorum
830 1367 948 1408 cupidi-

59 1419 145 1450 tates,
166 1412 371 1453 aegritudines,
393 1413 582 1444 iracundias:
606 1423 661 1443 nec
676 1422 757 1450 vero,
778 1417 815 1441 ut
834 1410 947 1441 fabula>

59 1455 172 1493 ferunt,
195 1455 250 1485 Dii
267 1456 354 1486 bellis
374 1456 547 1497 proeliisque
567 1460 748 1491 caruerunt3
772 1464 827 1484 nee
848 1453 948 1483 solum

60 1501 110 1532 (ut
133 1498 215 1538 apud
240 1498 426 1536 Homerum)
449 1509 519 1529 cum
537 1499 599 1529 duo
618 1497 767 1529 exercitus
787 1495 950 1527 contrarios

60 1540 112 1571 alii
128 1541 182 1570 Dii
197 1552 234 1572 ex
249 1542 311 1572 alia
324 1548 409 1583 parte
422 1542 628 1579 defenderent,
645 1540 697 1571 sed
709 1540 801 1571 etiam
814 1542 865 1573 (ut
876 1548 948 1569 cum

61 1583 194 1621 Titanis,
210 1590 245 1614 ut
259 1595 330 1615 cum
343 1585 540 1626 Gigantibus)
555 1595 610 1616 sua
620 1584 743 1625 propria
753 1582 834 1613 bella
848 1591 947 1622 gesse-

61 1633 142 1657 runt.
174 1627 253 1658 Haec
272 1633 302 1658 et
321 1627 466 1658 dicuntur
486 1635 516 1658 et
536 1628 699 1659 creduntur
717 1624 904 1663 stultissime,
921 1630 951 1654 et

61 1670 153 1711 plena
167 1677 239 1701 sunt
252 1670 417 1707 futilitatis,
434 1681 624 1712 summaeque
638 1669 777 1700 levitatis.

107 1712 168 1744 Sed
182 1720 298 1753 tamen,
313 1714 361 1744 his
375 1714 487 1744 fabulis
501 1713 608 1755 spretis
624 1723 659 1744 ac
672 1710 849 1753 repudiatis,
866 1710 953 1740 Deus

64 1755 219 1797 pertinens
234 1767 287 1798 per
302 1762 443 1788 naturam
455 1757 604 1798 cujusque
615 1756 670 1793 rei,
681 1766 736 1796 per
746 1760 840 1786 terras
852 1753 957 1792 Ceres,-
