1226 1935
259 56 322 89 DE
345 57 544 98 FINIBUS,
561 58 640 90 Lm.
657 57 698 89 V.
715 57 799 90 CAP.
815 58 868 88 20.
967 55 1009 91 87

117 150 190 172 cum
211 142 244 173 in
269 149 416 185 potestate
440 150 538 176 essent
559 144 693 176 hostium
718 149 771 175 aut
794 149 1007 184 tyrannorum,

117 185 208 215 multi
231 186 262 216 in
283 188 430 225 custodia,
453 189 545 218 multi
567 188 599 218 in
622 188 739 227 exsilio,
759 187 895 217 dolorem
915 195 1006 216 suum

117 227 262 259 doctrinae
277 230 384 261 studiis
400 231 586 262 levaverunt.

172 271 317 313 Princeps
346 273 438 313 hujus
467 274 594 304 civitatis
625 273 791 304 Phalereus
816 271 1006 309 Demetrius,

119 323 190 344 cum
206 316 304 355 patria
319 317 425 356 pulsus
446 324 521 348 esset
544 317 668 356 injuria,
691 317 729 347 ad
752 316 954 346 Ptolemaeum
978 324 1010 344 se

117 366 221 397 regem
237 359 459 390 Alexandriam
475 360 621 390 contulit:
647 360 712 401 qui,
735 369 806 389 cum
821 359 853 388 in
868 358 924 388 hac
945 357 1012 397 ipsa

119 399 324 442 philosophia,
337 402 375 432 ad
391 413 484 443 quam
501 410 530 433 te
545 403 713 440 hortamur,
727 402 897 437 excelleret,
908 400 1013 430 Theo-

120 442 298 485 phrastique
314 452 389 476 esset
404 446 535 484 auditor,
546 447 644 476 multa
659 445 802 486 praeclara
817 445 849 474 in
864 444 917 473 illo
933 443 1013 473 cala-

121 486 230 518 mitoso
254 488 315 518 otio
337 489 464 529 scripsit,
487 499 547 519 non
574 489 612 519 ad
633 499 724 519 usum
749 488 882 528 aliquem
908 496 1011 523 suum,

121 539 184 569 quo
199 536 262 560 erat
276 533 398 561 orbatus
412 543 419 561 :
445 532 495 562 sed
511 533 606 562 animi
622 532 722 562 cultus
736 531 788 561 ille
803 536 866 561 erat
882 530 908 559 ei
924 529 1012 569 quasi

121 572 248 612 quidam
264 573 462 605 humanitatis
474 575 568 605 cibus.
592 575 747 616 Equidem
764 585 779 604 e
795 574 852 604 Cn.
869 572 1010 609 Aufidio,

120 616 272 656 practorio,
295 617 411 648 erudito
432 618 565 655 homine,
579 618 673 648 oculis
693 623 791 658 capto,
814 626 892 656 saepe
910 614 1016 645 audie-

121 659 206 695 bam,
227 669 299 692 cum
321 671 351 690 se
365 661 441 691 lucis
465 661 562 701 magis
586 671 679 702 quam
706 659 844 690 utilitatis
868 658 1015 688 desiderio

121 702 237 732 moveri
253 702 373 733 diceret.
409 706 559 734 Somnum
575 704 705 745 denique
717 703 815 739 nobis,
827 702 884 732 nisi
896 701 1015 742 requie-

121 749 185 774 tem
194 747 379 786 corporibus,
392 754 421 777 et
433 747 614 777 medicinam
626 746 793 788 quamdam
805 745 916 775 laboris
926 744 1015 774 affer-

122 794 180 824 ret,
197 794 300 818 contra
315 796 456 819 naturam
472 796 649 831 putaremus
664 790 781 820 datum.
804 788 918 818 Aufert
934 787 1016 817 enim

123 840 238 868 sensus,
256 832 466 874 actionemque
482 833 561 863 tollit
577 843 709 863 omnem.
734 833 855 873 Itaque,
873 831 897 861 si
907 837 960 860 aut
970 840 1014 860 re-

122 873 257 914 quietem
276 882 385 905 natura
407 886 468 906 non
489 882 646 916 quaereret,
669 882 722 906 aut
745 885 812 905 eam
833 880 933 915 posset
957 873 1018 903 alia

123 917 259 957 quadam
289 918 404 949 ratione
434 919 586 960 consequi,
618 919 706 949 facile
732 924 925 958 pateremur3
961 915 1015 956 qui

123 959 215 990 etiam
231 971 323 999 nunc,
335 961 444 1002 agendi
459 962 575 1003 aliquid
591 961 784 1002 discendique
800 960 902 998 causa,
919 969 1015 1000 prope

122 1009 227 1033 contra
242 1010 393 1041 naturam,
411 1005 528 1046 vigilias
544 1005 692 1046 suscipere
708 1005 866 1035 soleamus.

165 1046 243 1076 XX.
267 1048 346 1078 Sunt
372 1053 474 1078 autem
501 1049 637 1087 clariora,
661 1048 709 1078 vel
732 1048 823 1088 plane
844 1045 1014 1087 perspicua,

123 1099 180 1119 nec
203 1089 370 1121 dubitanda
394 1091 505 1121 indicia
530 1098 657 1128 naturae,
685 1091 820 1121 maxime
846 1089 957 1120 scilicet
983 1089 1015 1118 in

123 1131 259 1171 homine,
276 1134 327 1164 sed
341 1134 374 1164 in
389 1134 474 1164 omni
489 1134 626 1171 animali,
642 1140 677 1164 ut
692 1139 814 1174 appetat
826 1133 946 1162 animus
962 1132 1018 1162 ali-

125 1175 201 1216 quid
219 1187 307 1216 agere
327 1187 455 1218 semper,
477 1188 576 1218 neque
600 1178 664 1207 ulla
688 1176 858 1207 conditione
882 1175 1016 1216 quietem

124 1219 340 1259 sempiternam
361 1221 455 1261 possit
475 1222 547 1261 pati.
572 1221 674 1251 Facile
692 1226 736 1250 est
760 1220 824 1250 haec
847 1228 965 1249 cernere
984 1218 1017 1248 in

125 1261 231 1302 primis
247 1273 411 1302 puerorum
427 1264 566 1294 aetatulis.
591 1264 792 1304 Quamquam
808 1262 890 1293 enim
902 1272 1016 1299 vereor,

126 1314 165 1335 ne
180 1305 292 1336 nimius
308 1307 339 1336 in
354 1307 411 1337 hoc
426 1317 535 1346 genere
551 1306 671 1342 videar-3
697 1313 799 1336 tamen
814 1315 919 1336 omnes
940 1310 1020 1334 vete-

126 1357 172 1377 res
192 1348 376 1390 philosophi,
392 1350 528 1380 maxime
547 1350 652 1388 nostri,
669 1349 708 1379 ad
728 1348 915 1379 incunabula
935 1358 1017 1377 acce-

125 1390 214 1427 dunt,
232 1392 313 1432 quod
329 1393 360 1422 in
376 1393 506 1433 pueritia
521 1392 665 1422 facillime
687 1403 717 1422 se
733 1392 914 1422 arbitrentur
929 1397 1020 1420 natu-

126 1444 168 1463 rae
184 1434 370 1465 voluntatem
386 1446 471 1476 posse
487 1446 671 1476 cognoscere.
696 1435 847 1465 Videmus
862 1434 966 1474 igitur,
983 1439 1019 1464 ut

128 1477 336 1517 conquiescere
351 1488 388 1508 ne
403 1479 533 1508 infantes
549 1478 672 1519 quidem
695 1478 831 1519 possint:
856 1487 927 1507 cum
949 1486 1018 1506 vero

128 1520 256 1559 paulum
271 1522 476 1560 processerint,
493 1522 662 1552 lusionibus
683 1522 728 1551 vel
748 1520 903 1552 laboriosis
921 1519 1020 1549 delec-

127 1568 240 1600 tentur,
262 1569 297 1593 ut
317 1574 355 1594 ne
377 1565 550 1594 verberibus
571 1565 697 1605 quidem
716 1563 858 1594 deterreri
878 1562 1015 1603 possint:

129 1615 224 1645 eaque
251 1606 398 1646 cupiditas
422 1607 532 1647 agendi
555 1607 671 1648 aliquid
696 1607 837 1637 adolescit
863 1606 925 1635 una
948 1615 1020 1635 cum

130 1648 279 1679 meatibus.
316 1650 434 1691 ltaque,
460 1660 499 1680 ne
520 1650 545 1680 si
564 1650 793 1689 jucundissimis
815 1649 939 1690 quidem
964 1658 1020 1678 nos

127 1691 253 1722 somniis
268 1702 375 1723 usuros
390 1699 544 1734 putemus,
561 1693 765 1735 Endymionis
777 1702 921 1725 somnum
932 1691 1020 1723 nobis
