1226 1935
219 73 261 103 36
363 70 424 102 DE
448 71 645 109 FINIBUS‚
663 71 742 102 Lm.
759 70 819 102 IV.
836 70 919 103 Cn.
930 72 961 103 6.

218 158 256 188 de
276 158 419 189 maximis
433 158 495 190 fere
509 160 598 190 rebus
614 159 706 190 Sto'fci
726 159 793 190 illos
809 158 901 189 secuti
917 164 998 195 sunt,
1021 164 1056 188 ut
1077 163 1107 188 et

219 201 302 232 Deos
317 212 390 239 esse,
406 208 435 232 et
450 208 579 242 quatuor
594 213 631 232 ex
647 204 736 233 rebus
751 202 854 232 omnia
869 206 1013 236 constare,
1026 201 1107 231 dice-

218 250 293 274 rent.
318 244 399 274 Cum
415 251 712 286 autem-quaereretur
727 256 772 275 res
784 244 949 274 admodum
962 243 1104 278 difficilis,

218 296 293 317 num
310 287 417 328 quinta
432 288 572 328 quaedam
593 295 700 318 natura
721 288 870 318 videretur
891 297 963 323 esse,
986 297 1022 316 ex
1044 286 1107 327 qua

217 330 293 360 ratio
309 337 337 360 et
352 331 551 370 intelligentia
566 332 692 361 oriretur
702 332 745 365 (in
757 341 817 371 qno
830 330 920 360 etiam
936 329 973 359 de
985 329 1106 366 animis,

218 375 305 413 cujus
320 373 436 414 generis
452 380 559 410 essent„
576 380 784 414 quaereretur),
803 373 886 402 Zeno
906 372 937 402 id
953 371 1031 401 dixit
1046 382 1108 402 esse

218 417 343 457 ignem:
368 417 516 446 nonnulla
535 417 643 447 deinde
664 417 769 452 aliter3
794 415 844 446 sed
866 425 900 445 ea
918 425 1024 455 pauca.
1057 414 1108 444 De

219 459 358 490 maxima
373 465 475 490 autem
491 470 533 497 re,
551 460 655 490 eodem
667 459 770 497 modo,
781 458 884 488 divin&
900 464 1001 487 mente
1016 463 1109 498 atque

218 504 328 533 natura
343 503 494 532 mundum
510 503 685 533 universum
696 508 787 542 atque
803 502 867 540 ejus
878 500 1028 530 maximas
1038 511 1108 541 par-

219 552 263 576 tes
287 546 499 576 administrari.
530 546 695 576 Materiam
720 555 789 575 vero
812 553 913 574 rermn
940 548 969 572 et
989 543 1107 583 copiam

219 589 302 630 apud
313 590 368 619 hos
383 589 505 625 exilem,
522 588 603 629 apud
618 588 685 617 illos
700 586 897 621 uberrimam,
914 585 1107 626 reperiemus.

263 632 368 670 Quam
384 632 481 662 multa
502 632 539 661 ab
555 631 602 661 his
618 630 785 671 conquisita
800 635 829 660 et
847 629 971 659 collecta
985 634 1056 658 sunt
1072 628 1110 659 de

220 675 359 706 omnium
381 674 583 704 animantium
604 683 723 713 genere,
739 678 818 708 ortu,
835 671 992 707 membri&
1015 671 1111 701 aetati-

220 718 296 749 bus!
314 728 408 759 quam
420 717 518 747 multa
529 716 567 747 de
576 717 665 746 rebus
674 716 710 746 iis
723 727 792 756 quae
800 715 969 755 gignuntur
981 724 996 744 e
1008 715 1086 745 terra
1099 715 1108 744 ξ

221 771 315 802 quam
330 760 447 796 muhae,
461 769 616 801 quamque
626 759 663 789 de
678 760 767 789 rebus
783 758 882 793 variis,
900 763 929 787 et
944 767 1041 787 causae
1057 767 1112 788 cur

220 804 356 845 quidque
368 804 431 840 fiat,
440 808 469 833 et
481 802 747 832 demonstrationes
754 799 1014 842 quemadmodum
1027 811 1112 840 quae-

222 858 282 888 que
297 847 371 877 fiant
384 846 393 876 Σ
416 846 478 886 qua
493 856 530 875 ex
546 845 630 875 omni
645 845 741 885 copia,
755 843 888 885 plurima
903 849 932 873 et
948 843 1112 873 certissima

223 896 403 931 argumenta
418 894 581 918 sumuntur
596 887 634 918 ad
650 888 798 928 cujusque
807 886 849 916 rei
859 891 999 915 naturam
1013 886 1111 926 expli-

223 933 361 964 eandam.
394 931 478 971 Ergo
499 931 609 966 adhuc,
632 937 781 971 quantum
799 929 940 970 equidem
961 929 1110 968 intelligo,

222 987 312 1007 causa
338 985 398 1005 non
426 974 545 1004 videtur
571 973 662 1003 fuisse
689 972 829 1003 mutandi
855 972 996 1001 nominis.
1036 972 1109 1001 Non

223 1019 316 1053 enim,
343 1018 366 1047 si
391 1017 494 1047 omnia
518 1026 578 1046 non
603 1017 795 1056 sequebatur,
823 1014 932 1044 idcirco
957 1024 1017 1044 non
1048 1020 1111 1044 erat

223 1068 307 1092 ortus
323 1061 415 1091 illinc.
450 1059 604 1100 Equidem
621 1059 712 1089 etiam
729 1058 910 1099 Epicurum,
927 1057 958 1087 in
980 1056 1113 1097 physicis

224 1104 360 1146 quidem,
378 1103 590 1133 Democritum
606 1108 700 1142 puto:
725 1111 821 1141 pauca
836 1105 945 1136 mutet,
962 1100 1008 1130 vel
1024 1100 1113 1140 plura

224 1158 314 1178 sane:
339 1152 369 1176 at
385 1157 454 1176 cum
471 1145 508 1175 de
524 1145 663 1185 plurimis
679 1144 783 1174 eadem
800 1143 882 1179 dicit,
900 1148 966 1173 tum
983 1148 1060 1173 certe
1075 1143 1114 1172 de

223 1190 375 1220 maximis.
409 1188 502 1226 Quod
517 1188 598 1218 idem
620 1198 689 1218 cum
712 1187 801 1217 vestri
822 1186 943 1223 faciant,
965 1195 1026 1215 non
1042 1185 1114 1215 satis

223 1243 369 1269 magnam
385 1232 523 1261 tribuunt
538 1231 742 1261 inventoribus
758 1229 897 1270 gratiam.

268 1276 328 1306 VI.
353 1275 412 1305 Sed
427 1275 492 1304 haec
506 1274 659 1304 hactenus.
692 1273 796 1309 Nunc,
813 1272 981 1309 videamus,
998 1281 1111 1312 quaeso,

225 1319 263 1350 de
278 1327 399 1349 summo
413 1319 504 1353 bono,
518 1316 599 1357 quod
612 1316 743 1346 continet
758 1315 991 1356 philosophiam,
1005 1314 1114 1354 ecquid

226 1362 349 1393 tandem
366 1360 510 1393 attulerit„
528 1360 725 1399 quamobrem
742 1360 779 1388 ab
801 1357 1018 1393 inventoribus,
1035 1363 1115 1387 tam-

226 1414 320 1446 quam
347 1414 364 1433 a
387 1403 573 1444 parentibus,
602 1401 778 1432 dissentiret.
815 1400 884 1430 Hoc
913 1400 1006 1440 igitur
1035 1399 1112 1436 loco,

226 1457 414 1488 quamquam
430 1456 448 1476 a
463 1452 502 1481 te,
520 1445 607 1481 Cato,
624 1445 782 1485 diligenter
802 1449 845 1473 est
864 1443 1031 1483 explicatus
1047 1442 1116 1473 finis

226 1490 275 1520 hic
290 1491 451 1524 bonorum,
470 1487 540 1528 [qui
555 1488 685 1517 continet
700 1486 952 1527 philosophiani,]
970 1491 999 1515 et
1014 1486 1082 1526 quis
1097 1496 1116 1515 a

228 1533 347 1568 Stoicis,
361 1537 389 1562 et
404 1530 663 1572 quemadmodum
676 1530 840 1563 diem-etun
855 1535 954 1558 tamen
972 1538 1026 1568 ego
1038 1539 1116 1568 quo-

228 1586 287 1616 que
309 1584 471 1615 exponam,
489 1580 523 1603 ut
538 1573 764 1614 perspiciamus,
787 1572 810 1601 si
832 1572 1009 1611 poterimus,
1027 1571 1116 1611 quid-

228 1628 300 1648 nam
328 1628 346 1647 a
372 1617 493 1647 Zenone
517 1616 586 1646 novi
611 1616 648 1646 sit
663 1616 800 1645 allatum.
825 1615 905 1644 Cum
930 1614 1011 1643 enim
1028 1624 1116 1654 supe-

229 1662 331 1696 riores,
356 1670 371 1689 e
392 1660 502 1700 quibus
523 1659 696 1699 planissime
713 1658 849 1693 Polemo,
875 1656 1041 1687 secundum
1062 1666 1116 1685 na-

230 1710 330 1734 turam
352 1702 459 1737 vivere,
484 1712 640 1731 summum
663 1703 778 1731 bonum
802 1710 862 1730 esse
881 1699 1045 1733 dixissent:
1069 1699 1117 1729 his

231 1746 327 1778 verbis
340 1746 396 1776 tria
406 1745 566 1786 significari
580 1744 672 1776 Stoici
688 1745 811 1775 dieunt:
837 1753 934 1773 unum
946 1741 1116 1782 ejusmodi:
