1180 1935
157 87 218 120 DE
243 86 351 120 NA'r.
376 87 513 119 DEOR.
539 88 682 121 Lm.11.
709 91 793 123 CAP.
814 93 861 124 19.
899 91 961 123 355

69 176 228 218 complexa
243 175 384 210 continet,
402 185 531 216 quaeque
552 175 628 206 nihil
649 178 815 218 asperitatis
835 179 957 217 habere,

70 220 146 250 nihil
162 218 343 255 offensionis,
360 224 469 258 potest,
487 218 562 249 nihil
578 220 706 250 incisum
728 223 858 262 angulis,
881 223 958 253 nihil

71 262 266 298 anfractibus,
283 261 359 291 nihil
379 261 524 299 eminens,
542 262 618 292 nihil
633 263 811 295 lacunosum
822 266 836 294 ’Β
861 266 957 296 Cum-

71 316 130 347 que
145 305 214 335 duae
229 305 335 334 formae
355 310 529 345 praestantes
549 305 620 343 sint,
643 317 679 337 ex
701 307 813 345 solidis,
835 309 955 349 globus,

70 350 125 383 (sic
141 349 221 379 enim
240 355 363 387 Σῦαιραιι
379 348 567 388 interpretari
591 349 714 389 placet),
736 361 773 380 ex
789 351 887 391 planis
904 363 957 382 au-

69 399 143 430 tem,
161 392 290 422 circulus
310 397 363 421 aut
383 391 463 421 orbis
479 392 546 432 (qui
564 396 674 427 Κυκλος
690 394 794 423 Graece
810 394 955 432 dicitur);

67 437 114 467 his
136 436 254 465 duabus
277 435 381 465 formis
404 434 550 474 contingit
573 435 653 473 solis,
676 441 710 466 ut
730 446 834 467 omnes
850 448 954 467 earum

66 486 166 520 partes
190 479 250 509 sint
270 478 347 508 inter
369 488 399 507 se
422 477 596 514 simillimae,
620 489 638 508 a
658 479 819 520 medioque
834 486 955 510 tantum

67 523 145 552 absit
160 528 342 557 extremum,
360 527 511 561 quantum
523 520 603 550 idem
616 532 634 551 a
646 532 784 558 summm
805 533 865 563 quo
878 523 956 553 nihil

66 565 131 596 fieri
155 570 253 606 potest
276 564 384 605 aptius.
424 563 494 601 Sed,
523 563 546 593 si
571 564 634 594 haec
658 574 718 595 non
742 565 859 604 videtis,
884 567 958 607 quia

67 617 227 649 nunquam
253 607 406 637 eruditum
429 607 518 636 illum
542 607 698 648 pulverem
723 608 886 648 attigistis;
918 619 957 640 ne

66 651 124 682 hoc
139 650 263 692 quidem
279 650 395 691 physici
411 650 578 690 intelligere
592 651 742 691 potuistis,
759 651 837 682 hanc
856 663 958 693 aequa-

65 695 182 724 litatem
193 695 304 730 motus,
315 693 575 733 constantiamque
585 694 738 731 ordinum,
747 694 778 724 in
789 695 848 725 alia
858 695 958 736 figura

66 747 126 767 non
143 737 274 778 potuisse
290 736 421 766 servari?
446 736 556 777 ltaque
571 737 648 766 nihil
663 743 761 778 potest
776 748 837 768 esse
852 738 956 769 indoc-

67 781 138 817 tius,
161 790 254 821 quam
274 779 356 820 quod
377 790 395 809 a
415 779 499 809 vobis
520 780 663 810 affirmari
683 781 766 810 solet.
792 781 858 811 Nec
874 780 956 811 enim

66 823 148 854 hunc
164 823 264 864 ipsum
280 822 433 852 mundum
454 833 508 863 pro
529 829 608 853 certo
624 823 789 853 rotundum
806 834 868 854 esse
883 824 958 854 dici-

67 867 124 897 tis:
149 876 221 896 nam
237 876 322 906 posse
337 865 412 903 fieri,
429 872 463 895 ut
479 865 517 895 sit
532 866 591 896 alia
606 866 725 906 figura3
748 866 956 897 innumerabi-

67 910 171 951 lesque
185 909 328 946 mundos,
344 908 418 938 alios
433 909 561 939 aliarum
579 920 640 939 esse
655 909 833 940 formarum.
862 910 954 948 Quae,

66 953 102 989 si,
128 953 174 983 bis
195 953 269 983 bina
291 958 365 993 quot
387 957 495 989 essent,
519 952 669 982 didicisset
692 952 855 993 Epicurus,
877 959 956 984 certe

67 1006 128 1026 non
151 996 269 1026 diceret.
303 994 373 1032 Sed,
398 995 473 1024 dum
495 995 607 1036 palato,
632 995 707 1036 quid
730 996 767 1026 sit
789 996 955 1037 optimum,

63 1039 192 1079 judicat,
210 1039 275 1069 coeli
290 1038 427 1078 palatum
444 1040 492 1072 (ut
507 1039 549 1068 ait
564 1039 699 1075 Ennius)
715 1049 775 1069 non
789 1040 935 1080 suspexit.

111 1082 206 1112 XIX.
232 1082 326 1117 Nam,
344 1091 414 1111 cum
431 1081 491 1111 duo
507 1082 566 1112 sint
586 1092 696 1122 genera
716 1082 861 1120 siderum,
879 1093 956 1123 quo-

68 1136 138 1156 rum
154 1125 295 1163 alterum,
313 1124 416 1164 spatiis
431 1125 675 1155 immutabilibus
690 1126 728 1155 ab
745 1124 826 1156 Ortu
838 1125 877 1155 ad
893 1125 957 1156 Oc-

67 1179 176 1200 casum
187 1177 370 1204 commeans,
387 1168 509 1197 nullum
525 1178 663 1208 unquam
685 1170 788 1198 cursus
806 1168 854 1198 sui
869 1168 960 1199 vesti-

67 1212 153 1253 gium
177 1211 332 1246 inflectat3
365 1211 494 1241 alterum
520 1217 623 1241 autem
650 1211 807 1242 continuas
834 1221 959 1242 conver-

67 1255 164 1285 siones
185 1254 260 1285 duas
280 1254 387 1284 iisdem
403 1254 505 1295 spatiis
521 1254 719 1295 cursibusque
737 1255 895 1290 conficiat3
920 1265 958 1285 ex

69 1298 199 1339 utraque
212 1308 243 1328 re
259 1304 288 1328 et
302 1297 411 1327 mundi
427 1297 599 1327 volubilitas
612 1300 705 1338 (quae,
719 1298 776 1328 nisi
788 1298 819 1327 in
832 1298 958 1338 globosa

67 1341 177 1378 forma,
189 1351 251 1371 esse
262 1351 323 1371 non
335 1346 459 1381 posset),
471 1347 500 1371 et
512 1340 667 1371 stellarum
678 1340 800 1371 rotundi
809 1341 957 1380 ambitus,

67 1390 308 1424 cognoscuntur:
334 1384 511 1424 primusque
532 1384 588 1421 sol,
608 1383 662 1424 qui
677 1390 827 1414 astrorum
842 1384 959 1414 obtinet

68 1427 284 1468 principatum,
302 1426 344 1456 ita
363 1433 513 1463 movetur,
530 1433 576 1464 ut,
593 1437 662 1457 cum
680 1432 771 1456 terras
791 1427 877 1467 larga
893 1428 960 1458 luce

68 1470 274 1510 compleverit,
291 1469 410 1500 easdem
426 1469 516 1499 modo
528 1469 586 1507 his,
599 1469 690 1500 modo
702 1469 761 1499 illis
774 1480 811 1500 ex
823 1470 961 1510 partibus

68 1519 182 1554 opacet.
216 1513 288 1554 Ipsa
309 1513 391 1543 enim
411 1514 521 1543 umbra
542 1519 638 1550 terrae,
655 1512 711 1542 soli
729 1512 872 1550 officiens,
888 1523 960 1544 noc-

69 1562 131 1586 tem
157 1556 264 1586 efficit:
294 1562 512 1586 nocturnorum
534 1562 637 1586 autem
662 1555 828 1596 spatiorum
852 1556 959 1587 eadem

69 1605 114 1629 est
135 1599 334 1639 aequabilitas,
356 1609 425 1639 quae
444 1599 645 1635 diurnorum3
670 1599 867 1639 ejusdemque
888 1600 959 1631 solis

70 1648 138 1672 tum
155 1652 287 1672 accessus
302 1642 424 1679 modici,
441 1648 508 1672 tum
524 1652 666 1680 recessus,
684 1648 713 1671 et
732 1641 851 1682 frigoris
866 1647 895 1672 et
910 1653 960 1673 ca-

70 1685 142 1715 loris
153 1685 281 1715 modum
294 1691 472 1725 temperant.
499 1685 652 1715 Circuitus
664 1685 746 1714 enim
758 1685 827 1715 solis
839 1687 961 1717 orbium

74 1728 105 1757 V
130 1734 159 1758 et
185 1728 246 1758 LX
269 1734 299 1758 et
321 1728 415 1765 CCC,
439 1728 549 1770 quarta
570 1728 632 1758 fere
654 1728 714 1758 diei
736 1734 821 1768 parte
843 1729 958 1767 addita,

73 1771 298 1802 conversionem
320 1771 483 1802 conficiunt
504 1781 659 1802 annuam:
683 1770 837 1802 inflectens
859 1779 959 1807 autem
