1180 1935
205 47 268 80 DE
284 49 394 81 NAT.
410 49 550 82 DEOR.
566 49 646 81 Lm.
660 48 724 80 111.
741 50 827 82 CAP.
844 50 897 82 40.
940 50 1003 82 435

108 134 190 165 diem
200 135 287 166 nobis
296 136 443 177 aliquem,
456 142 490 167 ut
501 142 605 168 contra
616 135 673 167 ista
681 137 828 168 dicamus.
851 137 909 168 Est
921 137 1003 168 enim

108 177 186 207 mihi
199 184 300 209 tecum
315 190 370 220 pro
385 180 444 210 aris
456 186 485 210 et
500 180 574 210 focis
585 186 749 218 certamen,
761 187 790 211 et
799 191 854 221 pro
863 180 1003 212 Deorum

108 221 230 262 templis
245 228 337 264 atque
351 222 496 262 delubris,
507 233 623 264 proque
634 224 718 254 urbis
728 224 835 261 muris,
846 234 922 265 quos
938 234 1003 262 vos,

109 264 277 305 pontifices,
300 272 418 297 sanctos
433 276 496 297 esse
507 266 626 303 dicitis3
643 266 880 308 diligentiusque
895 268 1003 297 urbem

110 306 265 347 religione,
281 320 376 350 quam
391 309 463 351 ipsis
479 309 642 347 moenibus,
658 310 779 350 cingitis
793 321 800 340 :
823 321 893 351 quae
907 310 1004 341 deseri

110 359 200 389 ame,
216 351 292 382 dum
308 352 433 393 quidem
448 353 560 395 spirare
575 358 690 394 potero,
706 353 791 383 nefas
802 353 916 393 judico.

153 392 238 424 Tum
248 395 350 432 Cotta,
362 396 432 437 Ego
447 406 517 428 vero
532 401 562 427 et
576 401 648 436 opto
663 396 804 436 redargui
813 407 874 434 me,
887 397 1004 428 Balbe:

110 442 140 467 et
155 447 202 475 ea,
224 449 294 479 quae
317 439 480 480 disputavi,
505 439 649 470 disserere
668 439 778 478 malui,
802 450 896 480 quarn
920 439 1005 479 judi-

110 489 177 510 care
188 492 196 510 ε
214 487 244 512 et
253 481 341 513 facile
352 493 401 513 me
410 493 429 513 a
441 489 470 514 te
481 483 561 514 vinci
572 492 668 523 posse,
681 488 761 514 certo
770 483 839 513 scio.
864 483 1004 524 Quippe,

110 522 212 565 inquit
227 524 376 563 Velleius,
392 526 446 568 qui
458 526 550 557 etiam
565 526 683 557 somnia
697 531 784 568 putet
799 525 838 556 ad
853 535 908 556 nos
923 526 1005 556 mitti

109 567 149 597 ab
165 567 254 598 Jove.
280 569 361 607 Quae
372 570 438 611 ipsa
452 576 556 600 tamen
571 574 635 600 tam
649 570 729 600 levia
743 579 804 600 non
816 574 898 607 sunt,
911 579 1006 610 quam

113 615 159 640 est
171 611 343 643 Stoicorum
358 612 396 643 de
410 614 521 644 natur&
536 612 674 643 Deorum
690 612 795 643 oratio.

159 653 237 685 Haec
251 666 322 686 cum
336 662 433 687 essent
450 656 541 693 dicta,
558 656 601 686 ita
615 655 819 694 discessimus,
834 661 870 686 ut
883 655 1006 687 Velleio

114 695 214 727 Cottae
236 698 402 740 disputatio
416 699 524 737 verior,
540 699 618 730 mihi
637 699 730 730 Balbi
753 698 793 730 ad
816 698 949 730 veritatis
964 698 1005 729 si-

114 739 322 774 militudinem
337 742 489 774 videretur
503 753 566 774 esse
580 743 766 784 propensior.

177 1119 488 1144 RHETORICORUM
512 1122 561 1144 ET
588 1120 957 1144 PIIILOSOPHICORUM

354 1183 453 1204 TOMI
479 1183 616 1205 TERTII
641 1182 755 1204 FINIS.

226 1694 883 1709 ——.----——-—--——--

239 1732 410 1754 Excrnl'r
437 1732 471 1753 T.
495 1731 672 1755 DAVISON,
698 1729 875 1752 LONIHNI.
