1226 1935
260 63 384 96 TUSC.
401 63 574 103 QUAEST.
599 64 679 96 Lm.
697 65 737 97 V.
761 65 845 97 cip.
861 67 913 96 32.
968 68 1031 100 283

139 156 269 189 angunt,
295 149 405 181 melius
429 150 555 189 habent,
580 161 675 192 quam
699 151 877 193 Epicurus?
911 153 966 184 An
989 154 1029 184 ad

139 197 257 230 caetera,
274 203 344 234 quae
358 193 440 223 mala
455 200 612 234 putantur,
630 204 690 225 non
703 201 732 225 et
746 195 900 236 Epicurus
915 202 945 226 et
960 196 1030 227 reli-

139 234 193 274 qui
208 235 382 277 philosophi
396 236 467 266 satis
482 237 579 277 parati
594 237 734 268 videntur
746 240 760 268 ?
784 238 852 278 quis
872 248 933 268 non
952 250 1029 279 pau-

137 282 286 317 pertatem
301 279 470 310 extimescit
481 281 495 310 ?
518 290 617 321 neque
632 286 734 311 tamen
751 281 914 322 quisquam
930 282 1029 323 philo-

136 320 312 360 sophorum.

180 363 329 395 XXXII.
351 364 413 395 Hic
425 375 495 396 vero
506 365 570 406 ipse
581 376 675 406 quarn
687 377 781 407 parvo
792 373 836 397 est
847 372 1006 398 contentus
1017 368 1024 397 !

135 415 226 436 nemo
250 407 288 438 de
308 408 393 438 tenui
409 408 489 438 victu
505 409 595 449 plura
615 409 702 440 dixit.
734 409 871 447 Etenim,
891 421 961 451 quae
980 421 1027 441 res

135 450 272 489 pecuniae
296 450 493 491 cupiditatem
516 451 658 489 afferunt,
684 458 719 483 ut
739 453 846 490 amori,
871 460 906 483 ut
928 454 1026 483 ambi-

135 492 222 530 tioni,
250 500 285 523 ut
311 494 494 534 quotidianis
524 495 686 532 sumtibus,
715 495 808 536 copiae
838 502 1025 536 suppetant;

133 545 206 565 cum
222 537 327 577 procul
339 538 377 567 ab
390 536 426 567 iis
438 538 581 568 omnibus
593 539 682 568 rebus
693 539 783 575 absit,
797 549 851 568 cur
862 539 1025 579 pecuniam

134 587 318 620 magnopere
333 579 491 617 desideret,
509 581 556 611 vel
571 581 672 621 potius
688 588 772 611 curet
787 582 912 612 omnino
923 583 937 612 ?
969 582 1024 612 An

134 621 261 662 Scythes
276 622 463 653 Anacharsis
478 624 577 664 potuit
592 634 648 664 pro
669 624 765 654 nihilo
785 625 946 665 pecuniam
967 625 1025 656 du-

132 675 218 701 cere;
242 672 388 696 nostrates
403 666 576 707 philosophi
590 666 687 697 facere
702 677 762 697 non
778 669 946 708 poterunt?
980 669 1024 698 Il-

131 707 191 738 lius
211 708 337 749 epistola
357 708 453 739 fertur
474 709 521 739 his
542 710 659 740 verbis:
691 712 713 727 “
726 710 912 741 Anacharsis
934 711 1024 741 Han-

131 751 205 781 noni
220 751 359 781 salutem.
384 752 468 781 Mihi
483 752 609 782 amictui
624 759 668 783 est
684 753 861 793 Scythicum
877 761 1020 794 tegmeng

131 794 381 831 calceamentum,
398 795 531 824 solorum
547 796 681 831 callum3
703 796 814 834 cubile,
832 802 930 831 terra;
952 798 1023 837 pul-

130 843 322 878 pamentum,
357 837 453 868 fames
470 849 478 867 z
517 838 605 875 lacte,
641 849 737 876 caseo,
773 849 872 877 carne,
908 850 1020 870 vescor.

131 880 247 919 Quare,
264 887 299 910 ut
314 880 353 910 ad
368 880 507 921 quietum
522 891 572 911 me
587 881 657 912 licet
672 881 782 911 venias.
816 881 952 912 Munera
966 894 1022 913 au-

129 929 193 954 tem
214 924 282 961 ista,
304 924 416 965 quibus
437 934 467 954 es
487 924 663 961 delectatus,
686 924 734 954 vel
755 924 872 955 civibus
894 925 960 956 tuis
973 927 1021 956 vel

129 966 199 997 Diis
222 967 447 997 immortalibus
470 966 583 997 dona.'’
617 966 736 998 Omnes
762 967 823 997 fere
846 967 1020 1009 philosophi

127 1010 267 1041 omniurn
283 1010 523 1050 disciplinarum,
540 1010 598 1041 nisi
613 1021 689 1051 quos
704 1021 722 1040 a
738 1010 818 1040 recta
835 1011 951 1041 ratione
965 1021 1020 1041 na-

129 1058 198 1083 tura
220 1053 326 1084 vitiosa
349 1053 530 1091 detorsisset,
551 1053 658 1084 eodem
677 1053 735 1084 hoc
755 1053 858 1084 animo
879 1064 941 1084 esse
963 1065 1019 1095 po-

127 1102 261 1127 tuerunt.

171 1140 318 1177 Socrates,
343 1140 375 1170 in
398 1139 514 1181 pompa
534 1150 604 1171 cum
626 1150 739 1180 magna
758 1139 803 1170 vis
824 1140 890 1170 auri
911 1150 1018 1181 argen-

128 1183 212 1224 tique
234 1183 373 1221 ferretur,
401 1184 538 1221 “Quam
559 1183 659 1213 multa
679 1193 739 1213 non
761 1183 896 1213 desidero
910 1183 942 1213 !''
969 1184 1017 1213 in-

127 1227 204 1267 quit.
237 1226 432 1263 Xenocrates,
459 1237 529 1256 cum
550 1226 642 1266 legati
663 1227 702 1256 ab
722 1226 902 1257 Alexandro
925 1227 1016 1267 quin-

127 1269 274 1310 quaginta
300 1270 327 1300 ei
352 1270 466 1300 talenta
491 1270 673 1306 attulissent,
702 1280 771 1310 quae
798 1276 861 1299 erat
887 1270 1016 1309 pecunia

125 1313 314 1353 temporibus
334 1312 404 1349 illis,
428 1313 560 1342 Athenis
580 1312 758 1353 praesertim,
781 1312 937 1347 maxima;
961 1314 1015 1343 ab-

126 1355 216 1386 duxit
230 1356 344 1396 legatos
360 1356 398 1385 ad
414 1365 529 1386 coenam
541 1356 572 1385 in
585 1355 806 1391 Academiam;
826 1355 862 1384 iis
874 1356 1015 1396 apposuit

125 1405 258 1435 tanturn,
270 1398 353 1439 quod
362 1399 432 1429 satis
442 1405 528 1435 esset,
540 1399 624 1428 nuHo
635 1404 792 1439 apparatu.
815 1397 896 1428 Cum
906 1399 1014 1438 postri-

126 1441 175 1472 die
198 1448 339 1482 rogarent
362 1452 445 1479 eum,
462 1441 511 1472 cui
525 1441 679 1471 numerari
700 1442 840 1480 juberet;
866 1444 888 1457 ‘⁹
902 1441 987 1478 Quid
999 1443 1013 1471 Ρ

125 1495 178 1515 vos
202 1485 377 1522 hesterna,”
402 1485 514 1525 inquit,
542 1486 563 1502 “
586 1483 704 1514 ooenula
729 1493 789 1513 non
811 1484 1013 1521 intellexistis,

124 1538 175 1558 me
189 1528 319 1568 pecunia
334 1538 395 1559 non
410 1538 496 1568 egere
508 1528 545 1558 ?”
572 1527 659 1564 Quos
675 1537 746 1557 cum
762 1526 904 1557 t1istiores
924 1526 1014 1556 vidis-

125 1577 180 1608 set,
197 1571 306 1601 XXX.
322 1571 421 1601 minas
441 1571 566 1611 accepit,
588 1580 626 1600 ne
646 1569 820 1610 adspernari
841 1569 920 1610 regis
939 1569 1014 1599 libe-

124 1614 275 1649 ralitatem
291 1614 451 1644 videretur.

168 1657 215 1688 At
229 1667 299 1687 vero
314 1657 469 1698 Diogenes
480 1656 616 1693 liberius,
629 1662 664 1686 ut
676 1655 821 1696 Cynicus,
835 1654 1015 1685 Alexandro

122 1700 253 1742 roganti,
270 1706 304 1730 ut
318 1700 440 1737 diceret,
457 1700 481 1730 si
496 1699 571 1741 quid
588 1710 666 1740 opus
685 1705 772 1735 esset,
796 1701 817 1715 ‘⁶
832 1698 925 1728 Nunc
943 1698 1013 1738 qui,

122 1743 194 1774 dem
209 1743 407 1784 paululuin,''
428 1743 540 1784 inquit,
564 1746 586 1760 “
599 1753 617 1773 a
635 1742 728 1773 sole.''
761 1741 913 1772 Offecerat
929 1740 1011 1771 vide-
