1226 1935
245 55 366 89 TUSC.
382 56 556 96 QUAEST.
571 57 649 88 11113.
669 57 727 88 lV.
744 56 828 87 CAP.
848 56 896 93 17.
950 56 1009 87 231

128 142 166 171 ab
181 142 322 173 amentia.
346 143 397 173 Ex
411 153 473 184 quo
488 142 677 184 intelligitur,
690 143 788 183 qualis
800 142 850 173 ille
859 142 908 179 sit,
921 152 1013 183 quem

126 190 193 214 tum
204 185 405 222 moderatum,
418 186 491 216 alias
502 186 684 223 modestum,
698 191 928 227 temperantem,
940 185 1014 215 alias

127 234 312 259 constantem
328 229 602 269 continentemque,
616 229 753 259 dicimus.
778 229 1013 268 Nonnunquam

127 270 190 301 hrec
205 271 310 301 eadem
326 273 470 302 vocabula
481 272 519 302 ad
529 272 709 313 frugalitatis
721 281 843 309 nomen,
854 277 1012 311 tamquam

125 314 165 344 ad
180 320 281 354 caput,
297 314 405 345 referre
420 315 569 345 volumus.
594 315 687 353 Quod
699 314 755 344 nisi
771 325 805 344 eo
818 314 939 344 nomine
954 314 1013 343 vir-

124 362 203 387 tutes
218 357 451 394 continerentur,
468 368 627 398 nunquam
642 358 684 388 ita
699 357 913 398 pervulgatum
934 356 1012 386 illud

126 405 212 438 esset,
229 406 263 430 ut
275 401 339 440 jam
355 401 504 441 proverbii
527 401 627 431 locum
642 401 800 437 obtineret,
818 403 840 418 ‘⁶
855 399 1011 429 hominem

26 443 30 464 ⁵
124 442 205 482 frugi
220 443 323 473 omnia
338 450 415 474 recte
430 443 559 474 facere.''
583 443 676 481 Quod
691 443 770 473 idem
787 453 856 473 cum
869 443 962 473 Stoici
974 442 1012 472 de

124 485 256 526 sapiente
271 486 386 524 dicunt,
399 486 490 517 nimis
505 486 720 517 admirabiliter
731 486 881 527 nimisque
891 485 1012 526 magni-

124 528 178 558 fice
192 528 288 559 dicere
303 529 451 560 videntur.

165 571 278 602 XVII.
310 572 394 613 Ergo
414 573 450 610 is,
471 572 607 614 quisquis
622 578 677 610 est,
694 572 747 613 qui
762 571 966 602 moderatione
982 577 1011 602 et

121 615 289 645 constantia
309 615 428 656 quietus
449 615 551 646 animo
571 622 625 653 est,
643 616 759 656 sibique
779 615 842 656 ipse
862 615 1008 655 placatus,

123 663 158 687 ut
172 667 226 688 nec
248 659 379 688 tabescat
393 659 547 697 molestiis,
565 668 619 689 nec
636 659 794 699 frangatur
813 658 931 693 timore,
955 667 1010 688 nec

122 699 254 731 sitienter
266 701 340 742 quid
355 707 496 743 expetens
511 701 613 732 ardeat
624 702 780 739 desiderio,
793 710 847 731 nec
858 700 1010 731 alacritate

117 743 203 773 -futili
223 744 352 784 gestiens
367 744 560 785 deliquescat,
573 744 598 775 is
613 751 656 775 est
668 744 796 785 sapiens,
810 754 903 785 quem
925 754 1009 784 quae-

123 786 237 823 rimus;
262 787 286 817 is
311 793 354 817 est
377 788 502 818 beatus:
526 788 575 818 cui
593 787 669 817 nihil
687 787 892 817 humanarum
907 797 1009 816 rerum

122 829 375 860 aut'intolerabile
391 830 429 860 ad
443 830 665 861 demittendum
682 831 832 867 animum,
849 835 902 860 aut
916 829 1010 860 nimis

122 872 250 903 laetabile
274 873 313 903 ad
336 873 532 911 efferendum,
558 873 651 904 videri
672 879 778 914 potest.
817 872 903 911 Quid
926 873 1008 903 enim

117 915 256 946 videatur
272 916 298 946 ei
313 926 460 957 magnum
476 917 506 946 in
523 918 611 946 rebus
626 916 779 954 humanis,
796 916 843 946 cui
859 916 1009 946 mternitas

121 959 230 997 omnis,
247 960 398 1000 totiusque
418 959 527 990 mundi
543 965 614 990 nota
634 960 672 989 sit
691 959 871 999 magnitudo
884 960 898 989 ἓ
922 959 1007 988 Nam

121 1002 206 1043 quid,
223 1008 275 1032 aut
290 1003 322 1032 in
337 1002 443 1032 studiis
457 1003 611 1040 humanis,
622 1008 675 1032 aut
689 1002 720 1031 in
736 1008 799 1032 tam
815 1001 926 1042 exigua
941 1003 1008 1032 bre-

121 1044 212 1076 vitate
226 1045 305 1083 vitae,
321 1055 469 1086 magnum
485 1046 611 1086 sapienti
627 1045 721 1076 videri
735 1051 843 1086 potest,
860 1045 913 1085 qui
928 1055 1007 1075 sem-

121 1098 175 1128 per
195 1088 295 1119 animo
311 1090 351 1118 sic
367 1090 506 1126 excubat,
523 1095 558 1118 ut
573 1089 600 1119 ei
621 1088 698 1118 nihil
713 1088 912 1128 improvisum
928 1088 1004 1118 acci-

122 1131 191 1161 dere
206 1131 306 1172 possit,
322 1131 398 1161 nihil
414 1132 616 1172 inopinatum,
633 1131 709 1161 nihil
725 1131 848 1161 omnino
863 1140 977 1161 novum
992 1132 1006 1161 ?

121 1174 228 1215 Atque
247 1174 327 1205 idem
347 1175 389 1204 ita
404 1184 503 1205 acrem
518 1175 549 1204 in
565 1184 668 1205 omnes
683 1179 782 1215 partes
796 1174 891 1204 aciem
907 1174 1006 1204 inten-

121 1217 177 1253 dit,
194 1223 228 1247 ut
242 1227 357 1259 semper
372 1218 471 1248 videat
487 1217 587 1248 sedem
608 1217 665 1248 sibi
680 1227 714 1248 ac
735 1217 836 1247 locum
856 1217 920 1247 sine
940 1227 1006 1247 mo-

122 1260 207 1290 lestia
222 1266 310 1301 atque
325 1270 435 1301 angore
450 1261 581 1299 vivendi,
600 1266 635 1291 ut
655 1270 881 1302 quemcumque
901 1270 1005 1290 casum

122 1303 244 1333 fortuna
260 1304 414 1341 invexerit,
439 1304 521 1334 hunc
539 1310 607 1345 apte
628 1309 657 1334 et
677 1303 778 1344 quiete
794 1303 879 1333 ferat.
912 1303 1007 1340 Quod

123 1346 176 1386 qui
196 1346 293 1383 faciet,
318 1356 378 1377 non
396 1347 574 1388 aegritudine
588 1347 687 1377 solum
703 1346 831 1383 vacabit,
848 1346 899 1376 sed
915 1346 1006 1375 etiam

124 1389 395 1429 perturbationibus
415 1390 539 1431 reliquis
561 1390 711 1420 omnibus.
745 1389 805 1420 His
827 1395 929 1419 autem
954 1399 1007 1419 va-

124 1442 198 1463 cuus
214 1432 332 1463 animus
351 1433 479 1473 perfecte
499 1439 590 1474 atque
611 1433 747 1463 absolute
766 1433 868 1462 beatos
893 1431 1004 1462 efficit:

124 1474 265 1515 idemque
280 1476 451 1514 concitatus,
477 1482 505 1506 et
526 1478 691 1506 abstractus
712 1477 750 1506 ab
770 1475 887 1515 integra
911 1475 1007 1505 certa-

123 1528 182 1558 que
197 1518 320 1556 ratione,
336 1528 396 1548 non
416 1519 614 1551 constantiam
634 1519 733 1549 solum
753 1518 877 1556 amittit,
900 1527 1006 1548 verum

123 1568 211 1591 etlam
229 1567 395 1591 salutatem.

165 1604 315 1641 Quocirca
328 1604 427 1636 mollis
441 1610 470 1636 et
485 1611 625 1636 enervata
639 1604 775 1646 putanda
791 1610 835 1635 est
850 1603 1006 1644 Peripate-

122 1647 250 1678 ticorum
264 1647 339 1677 ratio
354 1654 383 1678 et
393 1649 497 1684 oratio,
514 1649 567 1689 qui
582 1648 751 1689 perturbari
762 1648 879 1677 animos
889 1657 1007 1677 necesse

122 1700 183 1720 esse
199 1690 316 1728 dicunt,
338 1691 388 1721 sed
407 1691 551 1722 adhibent
571 1691 698 1722 modum
717 1690 893 1731 quemdam,
913 1700 1006 1731 quem

121 1734 201 1763 ultra
215 1733 354 1774 progredi
369 1743 428 1766 non
443 1740 587 1776 oporteat.
621 1734 755 1765 Modum
771 1739 804 1764 tu
820 1733 945 1763 adhibes
961 1733 1006 1763 vi-

0 1902 1226 1935 ————
