1180 1935
205 101 269 131 356
302 100 363 131 DE
389 100 497 132 NAT.
522 100 659 132 DEOR.
685 100 765 131 Lm.
782 98 829 130 II.
854 98 938 130 CAP.
954 100 1005 129 20.

210 187 254 217 sol
264 197 398 224 cursum,
410 193 476 217 tum
486 187 524 217 ad
534 188 682 227 Septemtr
687 187 781 225 iones,
794 191 861 216 tum
871 185 909 215 ad
920 185 957 215 M
961 184 1097 222 eridiem,

212 235 328 260 aestates
344 236 373 260 et
387 231 500 261 hiemes
516 230 615 268 efficit,
632 236 661 260 et
677 241 711 260 ea
726 230 786 259 duo
802 236 949 269 tempora,
966 238 1098 268 quorum

213 273 344 303 alterum
369 274 463 304 hiemi
489 273 651 303 senescenti
680 273 860 311 adjunctum
887 277 941 308 est,
968 271 1098 300 alterum

213 316 318 346 aestati.
357 316 418 354 Ita,
446 327 483 347 ex
509 322 640 357 quatuor
666 322 840 356 temporum
866 313 1098 351 mutationibus,

214 359 365 397 omnium,
382 371 450 401 quae
471 360 549 389 terr-¹21
570 359 707 400 marique
727 359 906 399 gignuntur,
929 356 1014 386 initia
1030 367 1101 386 cau-

213 412 315 442 saeque
329 403 492 432 ducuntur.

257 445 332 475 Jam
358 446 427 475 solis
450 456 566 475 annuos
592 456 695 475 cursus
722 445 824 485 spatiis
845 443 1006 474 menstruis
1028 443 1104 472 luna

215 489 428 529 consequitur;
453 489 541 528 cujus
562 488 774 518 tenuissimum
794 488 898 517 lumen
914 487 985 516 facit
1000 485 1104 526 proxi-

214 541 285 561 mus
300 542 433 562 accessus
448 531 486 561 ad
502 532 607 569 solem,
624 531 773 571 digressus
793 537 894 560 autem
910 529 1104 569 longissimus

215 574 345 615 quisque
360 574 579 614 plenissimum.
613 574 723 614 Neque
744 575 842 604 solum
863 574 927 612 ejus
945 572 1055 612 species
1071 582 1106 601 ac

216 617 315 647 forma
336 623 484 654 mutatur,
509 623 575 647 tum
598 617 766 655 crescendo,
791 623 857 646 tum
884 615 1048 645 defectibus
1072 615 1103 644 in

216 659 303 689 initia
312 660 501 697 recurrendo,
515 660 566 690 sed
578 660 667 690 etiam
682 660 774 700 regio,
788 670 856 700 qum
868 665 934 689 tum
947 664 990 688 est
1001 658 1105 699 Aqui-

216 703 340 741 lonaris,
357 708 424 733 tum
439 704 602 733 Australis.
628 704 666 733 In
682 704 763 733 lunae
775 712 896 744 quoque
912 712 1000 731 cursu
1016 707 1060 731 est
1075 707 1105 731 et

215 746 334 776 brumae
349 746 490 786 quaedam
506 752 535 776 et
550 747 668 776 solstitii
683 746 867 776 similitudo:
890 745 1049 785 multaque
1065 745 1104 774 ab

214 788 251 818 ea
271 795 398 819 manant
420 795 449 819 et
472 789 584 827 fluunt,
609 790 720 830 quibus
743 795 772 819 et
794 788 962 818 animantes
984 788 1104 817 alantur

214 838 457 873 augescantque3
487 839 515 862 et
536 834 712 873 pubescant,
737 831 1005 871 maturitatemque
1026 841 1105 860 asse-

214 881 359 915 quantur,
376 886 444 915 quae
459 876 597 906 oriuntur
613 886 628 905 e
644 876 731 906 terr-21.

258 918 335 948 XX.
356 918 498 948 Maxime
510 929 579 949 vero
591 925 662 948 sunt
677 918 868 948 admirabiles
883 923 983 947 motus
999 927 1104 947 earum

216 961 354 1002 quinque
369 962 535 999 stellarum,
553 972 621 1002 quae
636 962 712 992 falso
727 967 871 991 vocantur
887 967 1017 991 errantes
1030 972 1037 990 :
1058 960 1106 990 ni-

215 1004 261 1034 hil
284 1005 366 1034 enim
389 1011 477 1042 errat,
501 1005 582 1045 quod
605 1005 636 1034 in
659 1005 743 1035 omui
766 1004 930 1034 feternitate
952 1008 1107 1034 conservat

216 1057 390 1088 progressus
419 1053 448 1078 et
477 1058 638 1088 regressus,
669 1048 860 1088 reliquosque
890 1053 1002 1083 motus,
1034 1057 1106 1076 con-

216 1096 329 1121 stantes
356 1096 384 1120 et
406 1097 494 1121 ratos.
534 1091 627 1129 Quod
651 1101 685 1121 eo
708 1097 751 1121 est
773 1090 981 1120 admirabilius
1003 1090 1035 1119 in
1058 1090 1106 1119 his

215 1133 320 1171 stellis,
349 1145 424 1174 quas
451 1134 590 1171 dicimus,
618 1134 690 1175 quia
716 1140 783 1164 tum
810 1134 1009 1170 occultantur,
1037 1138 1106 1162 tum

215 1187 319 1207 rursus
340 1177 527 1217 aperiuntur,
544 1183 611 1207 tum
633 1177 756 1213 adeunt,
779 1182 845 1206 tum
866 1176 1020 1214 recedunt,
1038 1182 1104 1206 tum

215 1220 408 1257 antecedunt,
425 1226 492 1250 tum
508 1221 745 1261 subsequuntur,
762 1226 828 1249 tuln
845 1220 968 1249 celerius
980 1230 1105 1259 moven-

215 1268 276 1299 tur,
294 1268 361 1292 tum
377 1263 502 1301 tardius,
520 1269 586 1293 tum
602 1263 726 1293 omnino
742 1273 780 1292 ne
795 1269 955 1292 moventur
968 1262 1104 1303 quidem,

215 1305 267 1336 sed
283 1306 322 1336 ad
337 1306 491 1347 quoddam
508 1312 627 1347 tempus
642 1306 794 1336 insistunt.
827 1306 969 1344 Quarum
991 1316 1028 1335 ex
1044 1306 1106 1336 dis-

215 1349 341 1389 paribus
366 1349 551 1379 motionibus
580 1359 729 1389 magnum
755 1359 871 1379 annum
897 1349 1105 1379 mathematici

216 1392 462 1430 nominaverunt,
479 1393 532 1433 qui
552 1398 620 1422 tum
642 1393 778 1430 efficitur,
796 1403 866 1422 cum
888 1392 957 1422 solis
977 1398 1006 1422 et
1023 1392 1105 1422 lunae

215 1441 246 1465 et
260 1435 396 1475 quinque
412 1436 588 1473 errantium,
606 1436 644 1465 ad
660 1436 797 1466 eamdem
814 1436 891 1465 inter
904 1446 933 1465 se
949 1446 1106 1475 compara-

216 1478 341 1515 tionem,
359 1478 499 1508 confectis
515 1479 652 1508 omnium
670 1479 783 1519 spatiis,
797 1484 841 1509 est
852 1479 930 1508 sacta
942 1478 1103 1508 conversio.

217 1521 297 1559 Quae
313 1531 406 1562 quam
422 1522 513 1562 longa
529 1522 577 1559 sit,
599 1532 712 1562 magna
730 1522 855 1563 quaestio
872 1528 934 1557 est,
959 1532 1021 1552 esse
1036 1532 1106 1551 vero

216 1570 330 1594 certam
351 1570 380 1594 et
399 1564 567 1603 definitam,
585 1575 702 1595 necesse
718 1572 770 1595 est.
803 1565 887 1594 Nam
903 1576 948 1602 ea,
965 1576 1034 1605 quae
1050 1567 1105 1595 Sa-

214 1607 298 1637 turni
320 1607 406 1637 stella
426 1607 547 1644 dicitur,
569 1613 734 1649 <samumque
754 1619 772 1638 a
789 1608 902 1638 Graecis
918 1608 1104 1645 nominatur,

212 1660 282 1693 quae
294 1661 313 1680 a
324 1650 402 1680 terra
413 1652 496 1681 abest
508 1651 689 1691 plurimum,
701 1651 799 1681 XXX
812 1651 873 1681 fere
885 1651 972 1680 annis
982 1661 1105 1680 cursum

213 1703 304 1723 suum
320 1693 447 1724 conficit.
476 1694 514 1723 In
531 1705 592 1734 quo
608 1705 708 1731 cursu,
726 1695 824 1724 multa
842 1694 1020 1724 mirabiliter
1041 1694 1105 1724 effi-

212 1735 304 1773 ciens,
318 1741 385 1766 tum
397 1737 611 1775 antecedendo,
625 1743 692 1767 tum
704 1737 894 1775 retardando,
908 1744 974 1768 tum
988 1747 1106 1777 vesper-

212 1779 283 1810 tinis
298 1779 485 1821 temporibus
499 1780 710 1821 delitescendo,
728 1786 796 1812 tum
810 1780 968 1812 matutinis
983 1790 1106 1811 rursum
