1226 1935
230 68 275 98 80
373 66 435 98 DE
459 66 656 105 FINIBUS,
674 66 752 97 Lm.
767 66 808 98 V.
825 66 908 98 CAP.
928 68 976 98 14.

228 154 345 183 bonum
360 153 391 183 in
407 163 528 194 corpore
549 158 614 189 est;
638 159 673 184 ut
692 163 754 183 non
776 153 879 184 inscite
899 152 977 183 illud
998 153 1113 183 dictum

229 196 366 225 videatur
381 196 411 226 in
428 207 491 234 sue,
515 197 650 227 animam
665 197 710 226 ini
724 196 833 237 pecudi
848 196 950 227 datam
965 207 1020 237 pro
1040 197 1112 234 sale,

227 248 268 268 ne
283 239 451 279 putisceret.

272 281 365 311 XIV.
391 284 469 312 Sunt
484 288 586 312 autem
602 282 705 312 bestiae
719 283 870 323 quaedam,
888 282 919 311 in
936 282 1047 322 quibus
1067 282 1115 311 in-

229 330 273 354 est
288 325 403 364 aliquid
419 325 516 355 simile
531 326 660 362 virtutis,
677 331 712 355 ut
726 326 757 355 in
772 326 920 361 leonibus,
938 331 971 354 ut
986 325 1017 354 in
1034 325 1116 354 cani-

228 369 297 403 bus,
320 374 354 396 ut
374 368 405 397 in
431 368 537 408 equis;
562 369 592 398 in
615 369 725 409 quibus
750 378 810 398 non
835 378 995 407 corporum
1014 368 1113 397 solum

229 412 278 443 (ut
293 410 323 439 in
340 410 469 447 suibus),
486 411 537 441 sed
552 412 642 441 etiam
658 411 830 441 animorum
851 411 954 451 aliquit
977 421 1013 440 ex
1033 416 1118 450 parte

227 460 330 483 motus
345 453 491 493 quosdffln
508 454 655 484 videmus.
686 454 724 483 In
740 454 862 483 homine
878 460 980 483 autem
996 463 1118 483 summa

229 496 328 525 omnis
348 497 443 526 animi
462 502 516 534 est,
534 503 562 526 et
578 497 608 526 in
625 497 738 533 animo,
756 497 878 526 rationis
892 507 901 532 ;
926 507 964 526 ex
980 495 1041 536 quit
1058 496 1118 525 vir-

230 544 278 568 tus
294 544 348 576 est,
362 550 431 579 quae
442 539 565 569 rationis
575 540 723 569 absolutio
733 539 875 569 definitur
886 550 896 575 3
920 549 1013 579 quam
1025 539 1116 568 etiam

229 586 321 622 atque
337 581 428 611 etiam
445 582 654 622 explicandam
671 588 790 622 putant.

272 624 391 654 Earum
412 625 502 654 etiam
524 635 637 661 rerum,
661 635 736 665 quas
755 631 833 654 terra
855 624 963 664 gignit,
980 624 1117 654 educatio

229 667 371 706 quaedam
387 674 416 697 et
431 667 573 707 perfectio
589 673 643 705 est⁷
660 677 721 697 non
738 667 891 697 dissimilis
903 667 1117 696 animantium.

229 709 340 750 Itaque
362 715 391 739 et
407 710 504 740 vivere
520 710 623 747 vitem,
644 716 672 740 et
687 710 775 747 mori,
793 710 942 746 dicimus;
966 711 1118 740 arborem-

229 762 289 792 que
305 758 333 782 et
349 753 512 789 novenam,
529 759 558 783 et
574 754 719 790 vetulam,
737 759 766 783 et
781 753 890 789 vivere‚
911 759 939 783 et
958 763 1116 782 senescere.

228 794 279 824 Ex
296 806 358 835 quo
373 805 433 825 non
450 802 493 825 est
509 796 654 833 alienum,
673 803 706 826 ut
722 796 938 832 animantibus,
956 796 996 825 sic
1012 796 1072 825 illis
1088 801 1117 825 et

228 844 299 878 apta
322 838 462 878 quaedam
486 839 523 868 ad
544 845 683 868 naturam
706 838 852 879 [aptare7]
875 845 904 868 et
924 839 1042 872 aliena;
1068 849 1117 868 ea-

227 891 358 921 rumque
374 881 581 921 augendarum
598 890 627 912 et
639 882 816 912 alendarum
833 881 998 922 quamdam
1015 881 1118 911 cultri-

228 933 293 953 cem
311 934 383 959 esse„
401 935 469 964 quae
485 925 521 954 sit
532 925 654 954 scientia
664 931 754 965 atque
766 935 813 954 ars
825 925 1036 964 agricolarum,
1049 935 1118 964 quae

228 966 434 1003 circumcidat,
446 973 594 1007 amputet,
606 968 711 1007 erigat,
723 968 858 1003 extollat„
870 967 1116 1004 adminiculetur,

227 1015 273 1046 ut,
291 1020 352 1049 quo
368 1015 475 1039 natura
490 1010 575 1047 feret,
593 1021 627 1040 eo
642 1011 756 1051 possint
771 1011 833 1045 ire3
858 1016 892 1039 ut
908 1010 980 1049 ipsae
995 1010 1080 1046 vites,
1093 1010 1117 1039 si

224 1052 311 1092 loqui
330 1053 455 1093 possint,
475 1053 518 1082 ita
539 1064 569 1083 se
590 1053 759 1083 tractandas
779 1052 967 1092 tuendasque
990 1063 1051 1082 esse
1072 1053 1117 1082 fa-

226 1100 355 1125 teantur.
380 1095 423 1125 Et
444 1106 524 1126 nunc
544 1096 680 1136 quidem,
705 1096 787 1136 quod
806 1106 873 1125 eam
897 1101 1009 1132 tuetur,
1026 1101 1060 1125 ut
1080 1095 1118 1125 de

227 1138 287 1168 vite
302 1138 494 1178 potissimum
509 1139 628 1179 loquar,
651 1146 694 1169 est
716 1139 748 1168 id
769 1139 971 1169 extrinsecus:
997 1138 1027 1167 in
1051 1138 1118 1178 ipsa

228 1180 310 1210 enim
326 1192 435 1221 parum
451 1192 564 1221 magna
579 1182 622 1212 vis
638 1188 692 1218 est,
709 1188 744 1211 ut
766 1192 859 1221 quam
878 1181 991 1222 optime
1010 1192 1040 1211 se
1063 1181 1117 1211 ha·

227 1224 297 1255 bere
312 1224 416 1264 possit7
434 1224 458 1253 si
471 1225 556 1254 nulla
572 1225 690 1255 cultura
705 1225 892 1254 adhibeatur.

269 1268 315 1296 At
332 1277 400 1296 vcro
416 1267 440 1296 si
456 1267 494 1296 ad
506 1268 597 1297 vitem
609 1278 712 1297 sensus
724 1267 887 1304 accesserit,
901 1273 935 1296 ut
948 1267 1117 1307 appetitum

227 1309 393 1350 quemdam
408 1309 530 1347 habeat,
547 1316 576 1340 et
591 1321 644 1351 per
657 1322 687 1341 se
699 1311 764 1351 ipsa
779 1316 947 1347 moveatur,
964 1310 1039 1350 quid
1055 1309 1116 1340 fac-

227 1357 329 1381 turam
344 1358 433 1392 putas
447 1355 460 1383 Ρ
484 1363 522 1382 an
540 1364 585 1389 ea,
602 1364 671 1393 quae
685 1364 739 1394 per
754 1353 913 1383 vinitorem
936 1358 1024 1382 antea
1046 1363 1116 1382 con-

226 1396 419 1435 sequebatur,
437 1401 466 1425 et
481 1406 534 1436 per
549 1407 580 1426 se
595 1396 660 1436 ipsa
676 1396 816 1426 curabit?
849 1395 908 1426 Sed
928 1395 1048 1425 videsne
1068 1406 1116 1425 ac-

226 1447 378 1467 cessuram
394 1439 421 1468 ei
437 1449 552 1475 curam„
564 1445 599 1468 ut
615 1449 718 1475 sensus
728 1449 849 1479 quoque
860 1449 939 1475 suos,
954 1448 1120 1478 eorumque

227 1480 366 1510 omnium
390 1482 570 1521 appetitum,
592 1488 631 1519 et,
655 1482 679 1512 si
699 1492 760 1522 qua
780 1482 839 1511 sint
861 1482 887 1511 ei
907 1483 1045 1510 membra
1063 1481 1117 1511 ad-

223 1523 342 1562 juncta,
365 1526 510 1554 tueatur?
535 1525 595 1562 Sic7
623 1525 661 1554 ad
686 1525 738 1554 illa
762 1535 831 1565 quae
855 1534 972 1564 semper
996 1524 1115 1561 habuit,

223 1566 333 1605 junget
344 1577 377 1596 ea
389 1578 457 1607 quae
469 1573 571 1607 postea
582 1568 757 1598 accesserint
769 1579 776 1597 ε
802 1578 855 1597 nec
872 1567 1013 1597 eumdem
1024 1566 1116 1597 finem

227 1608 361 1647 habebit,
379 1620 470 1650 quem
488 1611 584 1640 cultor
599 1612 663 1650 ejus
678 1611 827 1640 habebat:
853 1610 904 1640 sed
917 1610 996 1639 volet
1011 1620 1117 1639 secun-

227 1650 302 1681 dum
323 1662 389 1682 eam
411 1660 563 1689 naturam,
584 1665 653 1694 quae
673 1661 776 1694 postea
796 1653 822 1683 ei
844 1653 987 1691 adjuncta
1007 1652 1055 1687 sit,
1073 1653 1117 1682 vi-

227 1704 304 1724 vere.
330 1695 379 1725 Ita
397 1696 503 1726 similis
524 1697 579 1727 erit
599 1697 667 1727 finis
688 1696 771 1733 boni,
794 1702 885 1736 atque
903 1701 992 1725 antea
1006 1695 1116 1732 fuerat,

226 1747 281 1768 nec
294 1737 377 1769 idem
392 1744 514 1771 tamen:
539 1749 600 1771 non
616 1740 696 1771 enim
705 1741 771 1779 jam
788 1739 888 1780 stirpis
903 1740 1018 1769 bonum
1034 1749 1117 1779 quae-
