1226 1935
183 67 247 97 202
290 64 414 97 TUSC.
431 65 604 105 QUAEST.
623 66 703 97 Lm.
721 66 787 98 ΙΙΙ.
810 66 895 97 ΟΑΡ.
910 65 963 95 21.

184 152 262 182 tium
288 158 446 192 peccatum
471 163 634 184 commune
658 163 729 184 cum
755 151 952 194 quibusdam⁷
978 148 1073 191 quod,

184 205 254 226 cum
271 195 365 225 virtus
385 196 519 226 maxime
534 202 703 237 expetatur,
727 197 852 236 ejusque
875 192 1074 235 adipiscendae

184 238 275 268 causa
287 237 477 279 philosophia
488 240 614 280 quaesita
628 239 677 278 sit,
692 239 744 270 ille
758 250 777 270 a
791 239 902 270 virtute
915 245 1074 268 summum

188 282 303 311 bonum
320 281 476 321 separavit.

227 324 274 354 At
285 324 400 362 laudat,
414 330 442 354 et
455 336 543 366 saepe,
557 326 709 356 virtutem.
733 325 776 356 Et
791 324 915 366 quidem
928 322 964 353 C.
979 322 1075 352 Grac-

185 366 271 403 chus,
296 377 366 398 cum
381 367 554 408 largitiones
568 369 718 398 maximas
734 368 860 406 fecisset,
877 374 906 397 et
922 365 1076 396 effudisset

185 410 337 447 aerarium,
361 411 458 441 verbis
480 418 581 442 tamen
602 412 782 442 defendebat
805 410 954 441 aerarium.
989 407 1077 445 Quid

186 454 277 484 verba
301 453 434 492 audiam,
461 465 531 485 cum
552 455 630 485 facta
650 455 768 485 videam
780 456 794 484 ?
819 454 889 484 Piso
909 453 959 482 ille
979 449 1077 490 Frugi

185 506 303 537 semper
315 503 418 526 contra
432 497 530 537 legem
545 497 775 528 frumentariam
790 497 916 526 dixerat.
952 495 994 532 Is,
1011 494 1078 533 lege

185 539 259 576 lata,
284 540 447 569 consularis
463 540 501 569 ad
516 540 705 570 frumentum
721 539 929 580 accipiendum
944 542 1076 568 venerat.

186 582 414 612 Animadvertit
437 583 591 613 Gracchus
613 584 645 613 in
665 584 806 613 concione
830 582 973 612 Pisonem
996 586 1078 610 stan-

185 631 257 655 tem.
293 625 423 663 Quaerit‚
451 626 592 656 audiente
617 627 730 668 populo
758 627 911 662 Romano,
939 624 995 664 qui
1020 622 1077 652 sibi

186 674 312 706 constet,
336 678 407 698 cum
430 668 466 699 ea
485 669 552 710 lege
572 670 762 700 frumentum
781 674 875 710 petat,
899 677 992 708 quam
1016 665 1078 695 dis-

187 711 337 741 suaserit?
362 714 384 729 “
398 712 430 741 N
433 712 540 751 olim,''
564 713 675 753 inquit,
700 715 722 730 “
738 723 807 742 mea
820 713 911 747 bona,
929 709 1076 745 Gracche,

187 754 243 784 tibi
267 753 379 784 viritim
400 755 532 786 dividere
549 754 652 794 [liceat
663 757 689 797 ε]
722 755 783 793 sed,
801 755 825 785 si
841 754 942 789 facias,
959 757 1077 793 partem

186 797 321 838 petam.''
356 797 510 828 Parumne
530 799 691 829 declaravit
710 799 756 829 vir
775 798 873 838 gravis
894 802 923 827 et
944 795 1073 836 sapiens,

186 841 252 880 lege
278 841 458 881 Sempronia
483 842 701 883 patrimonium
728 841 885 882 publicum
912 837 1075 879 dissipari?

188 883 272 924 Lege
287 884 434 914 orationes
450 885 598 915 Gracchi:
621 891 783 925 patronum
800 883 895 914 aerarii
911 893 972 912 esse
987 881 1078 910 dices.

232 927 335 967 Negat
346 927 498 967 Epicurus
515 928 650 967 jucunde
665 938 750 969 posse
770 927 842 963 vivi,
859 926 917 956 nisi
932 935 1003 956 cum
1019 923 1080 953 vir-

187 975 252 1000 tute
276 970 402 1000 vivatur.
438 971 541 1011 Negat
563 972 659 1001 ullam
682 971 713 1000 in
737 970 903 1011 sapientem
928 968 990 999 vim
1016 976 1079 997 esse

186 1013 336 1043 fortunae:
361 1019 483 1044 tenuem
500 1015 614 1044 victum
629 1014 757 1044 antefert
772 1013 909 1054 copioso:
927 1016 1018 1051 negat
1033 1009 1081 1039 ul-

188 1056 254 1086 lum
270 1066 332 1086 esse
348 1062 478 1097 tempus,
492 1068 553 1098 quo
569 1058 686 1098 sapiens
701 1067 761 1087 non
774 1058 879 1087 beatus
892 1055 938 1086 sit.
963 1052 1080 1084 Omnia

187 1098 368 1140 philosopho
397 1100 501 1139 digna,
532 1101 583 1131 sed
613 1111 683 1130 cum
712 1100 868 1140 voluptate
898 1096 1078 1139 pugnantia.

189 1142 262 1172 Non
292 1142 382 1172 istam
411 1143 484 1173 dicit
513 1144 709 1184 voluptatem.
774 1143 866 1173 Dicat
900 1140 1078 1182 quamlibet.

188 1186 312 1225 Nempe
336 1196 402 1215 eam
426 1186 509 1225 dicit,
534 1187 566 1217 in
588 1187 649 1227 qua
669 1186 788 1216 virtutis
808 1185 894 1215 nulla
915 1194 984 1225 pars
999 1182 1080 1212 insit.

188 1228 271 1269 Age,
296 1228 320 1258 si
344 1229 531 1270 voluptatem
557 1240 619 1261 non
642 1229 852 1270 intelligimus,
882 1238 920 1258 ne
946 1227 1081 1256 dolorem

189 1272 314 1312 quidem
326 1273 340 1301 Ρ
364 1272 454 1312 Nego
466 1273 558 1313 igitur
573 1274 637 1313 ejus
650 1283 723 1311 esse,
739 1273 793 1314 qui
807 1272 909 1302 dolore
925 1278 1082 1301 summum

189 1315 308 1345 malum
323 1315 477 1353 metiatur,
494 1317 681 1347 mentionem
697 1316 793 1346 facere
808 1314 937 1345 virtutis.

232 1358 327 1388 XXI.
351 1358 394 1388 Et
409 1366 577 1399 queruntur
588 1359 714 1400 quidam
726 1358 880 1399 Epicurei,
894 1356 950 1388 viri
961 1354 1081 1397 optimi,

189 1402 275 1435 (nam
291 1401 412 1431 nullum
430 1412 526 1442 genus
541 1409 585 1433 est
604 1403 706 1433 minus
724 1402 924 1437 malitiosum)
947 1409 997 1429 me
1018 1405 1081 1428 stu-

188 1444 271 1474 diose
285 1444 382 1474 dicere
397 1452 500 1476 contra
514 1446 695 1486 Epicurum.
740 1445 790 1476 Ita
802 1444 899 1482 credo,
916 1443 953 1473 de
968 1443 1082 1472 honore

189 1493 243 1518 aut
268 1487 306 1517 de
327 1487 472 1528 dignitate
495 1489 712 1519 contendimus.
759 1487 843 1519 Mihi
866 1496 1023 1517 summum
1047 1484 1080 1514 in

188 1530 290 1560 animo
312 1534 428 1563 bonum
451 1532 579 1569 videtur,
595 1533 640 1562 illi
660 1538 761 1562 autem
784 1531 816 1561 in
839 1540 979 1570 corpore:
1004 1527 1082 1558 mihi

188 1573 221 1603 in
242 1574 362 1611 virtute‚
376 1575 420 1604 illi
432 1574 463 1604 in
476 1576 638 1616 voluptate.
676 1575 720 1605 Et
731 1575 775 1605 illi
787 1580 925 1615 pugnant
938 1583 947 1608 ;
973 1578 1002 1602 et
1013 1571 1082 1612 qui-

190 1616 260 1647 dem
277 1619 443 1649 vicinorum
460 1618 552 1648 fidem
567 1618 750 1660 implorant:
774 1617 866 1648 multi
881 1622 982 1646 autern
999 1621 1082 1651 sunt,

190 1660 243 1700 qui
259 1663 359 1692 statim
375 1662 550 1692 convolent:
576 1672 631 1703 ego
642 1672 711 1692 sum
726 1661 762 1699 is⁷
778 1661 832 1702 qui
850 1660 947 1690 dican]
960 1669 1010 1688 me
1021 1667 1081 1687 non

190 1703 345 1742 laborare;
378 1711 480 1734 actum
506 1705 694 1743 habiturum,
722 1705 804 1746 quod
831 1703 956 1744 egerint.
995 1700 1081 1739 Quid

190 1747 271 1777 enim
283 1750 297 1779 ?
313 1749 350 1780 de
362 1748 441 1780 bello
452 1747 569 1779 Punico
580 1748 679 1789 agitur
691 1749 704 1779 ἓ
721 1748 758 1778 de
770 1757 830 1788 quo
841 1747 906 1788 ipso
918 1755 988 1776 cum
999 1743 1083 1774 aliud
