1226 1935
231 89 294 124 274
359 88 484 120 TUSC.
500 89 674 128 QUAEST.
691 89 770 120 Lm.
787 89 828 120 V.
840 88 922 120 CAP.
939 89 990 119 23.

230 174 388 214 amicitia),
405 176 459 216 qui
474 176 530 206 sibi
546 186 606 206 non
621 175 755 217 optimus
770 175 930 206 videretur.
963 175 1013 205 Sic
1028 184 1059 204 se
1073 184 1119 205 res

229 218 342 248 habet:
368 227 397 249 te
420 225 484 257 tua,
501 229 550 249 me
565 219 714 250 delectant
728 229 805 248 mea.
843 218 914 256 Sed,
931 223 966 247 ut
986 217 1025 247 ad
1043 216 1120 246 Dio-

232 261 355 302 nysium
371 261 548 298 redeamus3
572 262 657 292 omni
672 263 755 292 culm
771 268 800 291 et
815 261 895 292 victu
916 261 1052 290 humano
1072 270 1120 290 ca-

230 306 337 334 rebat:
362 305 481 335 vivebat
502 316 572 335 cum
593 305 739 346 fugitivis,
760 315 831 334 cum
849 303 1033 341 facinorosis,
1049 313 1120 333 cum

230 348 384 377 barbaris:
409 348 574 385 neminem,
592 349 645 389 qui
669 354 722 378 aut
745 348 882 378 libertate
903 347 1014 387 dignus
1033 351 1119 384 esset,

230 396 284 420 aut
306 391 396 421 vellet
415 391 539 421 omnino
560 391 636 421 liber
659 402 733 430 esse,
755 391 811 421 sibi
835 391 968 421 amicum
993 389 1120 420 arbitra-

230 434 329 463 batur.

273 477 346 506 Non
363 487 418 517 ego
431 478 496 516 jam
512 488 582 507 cum
597 477 690 516 hujus
705 476 767 507 vita
792 476 867 517 (qua
891 476 1006 513 tetrius,
1028 475 1119 505 mise-

229 519 302 555 rius,
322 519 538 556 detestabilius,
555 520 723 560 excogitare
739 520 815 549 nihil
830 525 966 560 possum)
984 518 1118 548 Platonis

228 568 282 592 aut
297 563 443 603 Archytae
459 563 553 593 vitam
568 564 760 604 comparabo,
776 563 934 593 doctorum
954 561 1114 592 hominum

229 611 259 636 et
275 606 364 645 plane
380 606 576 646 sapientium.

271 648 406 678 XXIII.
431 649 481 679 Ex
506 649 611 679 eadem
634 651 709 679 urbe
729 649 879 679 humilem
893 648 1117 678 homunculum

226 701 245 720 a
260 691 383 731 pulvere
407 698 437 722 et
463 692 546 722 radio
569 692 717 729 excitabo,
739 692 792 732 qui
813 691 918 721 multis
940 691 1026 720 annis
1048 696 1116 730 post

227 734 297 771 fuit,
317 734 557 765 Archimedem:
582 736 668 774 cujus
695 745 761 775 ego,
778 740 919 775 quaestor,
941 733 1115 774 ignoratum

226 777 266 806 ab
282 778 488 817 SyracusaniS,
505 788 576 808 cum
598 789 659 808 esse
680 778 804 808 omnino
824 784 978 818 negarent,
996 782 1117 817 septum

227 819 363 861 undique
386 828 415 851 et
438 821 578 852 vestitum
600 821 741 862 vepribus
761 827 791 851 et
810 821 953 858 dumetis,
975 819 1116 860 indagavi

225 864 409 903 sepulcrum.
466 864 624 894 Tenebam
655 864 736 894 enim
766 864 913 905 quosdam
943 863 1114 901 senariolos,

226 916 301 946 quos
317 906 348 935 in
366 907 431 945 ejus
451 908 640 937 monimento
658 918 720 937 esse
739 907 897 948 inscriptos
917 916 1088 946 acceperam
1103 917 1112 941 ;

225 949 280 989 qui
303 949 506 986 declarabant,
531 951 562 980 in
589 961 709 980 summo
730 951 865 991 sepulcro
888 950 1038 990 sphaeram
1053 959 1116 979 esse

224 992 354 1032 positam
371 1003 441 1023 cum
457 994 602 1034 cylindro.
637 994 706 1034 Ego
721 1000 834 1031 autem,
851 1003 921 1024 cum
937 992 1040 1022 omnia
1054 992 1115 1022 col-

221 1035 386 1066 lustrarem
412 1037 506 1067 oculis
536 1040 594 1071 (est
622 1037 704 1067 enim
731 1037 769 1066 ad
794 1042 895 1077 portas
921 1035 1115 1075 Agragianas

224 1087 338 1118 magna
360 1078 531 1120 frequentia
556 1080 776 1120 sepulcrorum)
807 1079 1006 1109 animadverti
1032 1078 1115 1108 colu-

224 1122 349 1151 mellam
370 1132 431 1152 non
454 1124 588 1152 multum
611 1134 628 1153 e
650 1123 750 1153 dumis
777 1123 971 1160 eminentem,
993 1121 1025 1151 in
1052 1121 1115 1161 qua¹

222 1163 319 1194 inerat
340 1165 465 1205 sphaerae
486 1166 584 1206 figura
602 1172 630 1196 et
646 1166 784 1207 cylindri.
818 1167 925 1206 Atque
940 1175 996 1205 ego
1012 1165 1114 1194 statim

222 1206 418 1247 Syracusanis
435 1212 533 1242 (erant
548 1215 650 1239 autem
660 1209 809 1250 principes
824 1214 958 1246 mecum)
971 1207 1046 1245 dixi,
1062 1217 1113 1237 me

221 1249 298 1279 illud
314 1250 415 1291 ipsum
431 1252 570 1282 arbitrari
586 1263 659 1290 esse,
677 1252 759 1293 quod
775 1261 951 1293 quaererem.
977 1250 1112 1281 Innnissi

222 1302 291 1322 cum
314 1293 442 1324 falcibus
462 1295 552 1325 multi
571 1296 743 1336 purgarunt
758 1302 787 1325 et
801 1299 984 1336 aperuerunt
997 1294 1110 1324 locum.

221 1335 295 1372 Quo
311 1347 381 1367 cum
397 1338 563 1378 patefactus
576 1346 651 1368 esset
665 1339 776 1377 aditus,
789 1338 827 1368 ad
842 1338 998 1368 adversam
1013 1337 1111 1366 basim

221 1379 407 1409 accessimus.
431 1381 612 1422 Apparebat
627 1381 824 1422 epigramma,
836 1381 930 1411 exesis
942 1380 1111 1421 posteriori-

221 1423 278 1451 bus
293 1423 429 1462 partibus
450 1424 677 1462 versiculorum,
695 1424 859 1454 dimidiatis
879 1424 950 1454 fere.
986 1422 1035 1452 Ita
1055 1433 1110 1453 no-

220 1465 367 1495 bilissima
383 1467 508 1497 (iraeciae
523 1467 637 1505 civitas,
663 1468 818 1508 quondam
839 1477 908 1499 vero
929 1466 1019 1496 etiam
1040 1466 1110 1496 doc-

219 1507 345 1546 tissima,
363 1509 408 1538 sui
425 1509 496 1540 civis
508 1510 598 1540 unius
616 1511 781 1541 acutissimi
790 1511 1013 1540 monimentum
1023 1509 1110 1549 igno-

219 1551 323 1589 rasset,
341 1552 398 1581 nisi
425 1554 463 1583 ab
486 1553 609 1583 homine
625 1554 776 1595 Arpinate
787 1554 945 1584 didicisset.
969 1552 1029 1583 Sed
1043 1551 1111 1582 red-

219 1600 278 1631 eat,
296 1594 377 1624 unde
391 1597 551 1633 aberravit,
568 1597 672 1626 oratio.

262 1637 341 1675 Quis
366 1644 410 1668 est
430 1639 580 1675 omnium,
603 1640 656 1680 qui
676 1640 767 1670 modo
785 1650 855 1670 cum
872 1638 984 1676 Musis,
1005 1638 1037 1668 id
1052 1643 1108 1675 est,

217 1689 288 1710 cum
315 1681 503 1712 humanitate
528 1689 557 1712 et
582 1693 652 1712 cum
679 1683 826 1719 doctrina,
850 1683 959 1712 habeat
985 1680 1109 1721 aliquod

217 1724 444 1761 commercium,
461 1724 558 1766 quise
574 1735 633 1755 non
650 1726 733 1756 hunc
744 1725 993 1756 mathematicum
1009 1724 1106 1762 malit,

217 1775 311 1806 quarn
327 1766 415 1798 illum
433 1774 596 1808 tyrannum
609 1771 623 1799 P
658 1769 690 1799 Si
711 1769 780 1800 vitae
800 1768 927 1800 modum
943 1767 1106 1799 actionem-
