1226 1935
203 115 327 148 TUSC.
343 115 516 156 QUAEST.
535 115 614 146 Lm.
632 115 692 147 IV.
709 115 793 147 CAP.
809 116 861 146 33.
910 115 974 146 249

86 202 169 243 quod
184 202 299 233 fecisset
315 212 369 244 per
386 202 490 233 iram?
513 206 549 232 ut
569 201 785 232 Alexandrum
806 211 908 242 regem
929 200 974 231 vi-

86 246 205 283 demus,
231 246 296 286 qui,
321 255 391 275 cum
414 244 613 275 interemisset
639 244 767 282 Clitum,
793 244 975 274 familiarem

87 298 190 325 suum,
207 288 257 318 vix
273 299 291 318 a
306 298 336 318 se
351 297 459 318 manus
477 287 642 318 abstinuit:
667 293 751 317 tanta
771 287 814 317 vis
835 286 895 316 fuit
913 297 977 327 poe-

87 331 213 361 nitendi.
238 331 359 368 Quibus
375 330 512 371 cognitis,
529 330 597 371 quis
613 335 667 366 est,
684 330 737 370 qui
753 329 882 366 dubitet,
899 329 975 369 quin

87 372 137 404 hic
152 384 274 414 quoque
285 380 385 404 motus
396 373 491 403 animi
504 373 541 403 sit
556 379 636 403 totus
651 372 811 413 opinabilis
827 382 861 402 ac
871 372 979 402 volun-

89 416 207 447 tarius?
231 416 310 454 Quis
325 416 406 446 enim
421 416 579 451 dubitarit,
596 415 669 456 quin
687 415 894 455 aegrotationes
912 414 979 444 ani-

89 459 133 489 mi
149 459 261 500 (qualis
277 465 320 489 est
335 459 469 496 avaritia,
486 459 589 498 gloriae
604 458 765 498 cupiditas)
782 468 818 488 ex
832 468 877 495 eo,
894 456 977 498 quod

90 502 195 542 magni
221 503 387 532 aestimetur
411 512 445 532 ea
469 512 526 538 res,
551 511 589 531 ex
613 501 674 542 quit
698 501 818 530 animus
843 506 979 540 aegrotat,

88 545 249 575 oriantur?
273 545 363 576 Unde
378 544 507 584 intelligi
522 543 620 582 debet,
633 543 892 584 perturbationem
903 552 980 584 quo·

90 598 151 629 que
166 597 287 618 omnem
304 598 365 618 esse
379 588 410 617 in
427 587 576 628 opinione.

134 630 188 667 Et,
212 631 236 660 si
252 630 385 668 fidentia,
402 630 433 660 id
449 635 504 667 est,
521 630 609 660 firma
624 629 718 659 animi
734 628 868 667 confisio,
885 627 980 658 seien-

91 673 133 703 tia
148 673 288 714 quaedam
305 679 359 711 est,
376 679 405 703 et
420 672 522 714 opinio
537 673 647 713 gravis,
664 682 725 702 non
747 678 857 702 temere
877 680 980 701 assen-

92 716 190 752 tiens;
214 696 380 746 diffidentia
395 726 517 764 quoque
532 722 575 746 est
589 722 688 746 metus
704 715 867 763 exspectati
880 720 909 744 et
920 714 980 744 im-

94 759 252 800 pendentis
263 759 346 788 mali.
370 759 423 796 Et,
435 759 459 788 si
474 768 540 798 spes
556 764 599 789 est
615 758 796 799 exspectatio
810 757 893 793 boni,
904 757 978 787 mali

93 802 347 842 exspectationem
370 811 432 832 esse
455 811 574 831 necesse
596 808 640 831 est
662 807 788 831 metum.
823 800 867 831 Ut
884 799 979 840 igitur

93 852 204 883 metus,
221 845 262 875 sic
277 845 400 885 reliquae
415 844 654 892 perturbationes
670 850 741 874 sunt
756 844 787 873 in
799 843 890 873 malo.
896 824 982 872 ”Er-

93 898 144 928 g0‚
161 894 195 918 ut
210 888 376 918 constantia
390 887 531 924 scientiae,
547 887 589 917 sic
603 886 788 927 perturbatio
803 886 909 916 erroris
927 891 980 915 est,

94 930 160 968 Qui
187 937 289 961 autem
316 931 424 960 natura
450 930 592 959 dicuntur
618 929 766 967 iracundi,
791 934 844 958 aut
866 928 982 958 miseri-

96 973 211 1011 cordes,
233 979 286 1003 aut
302 973 409 1010 invidi,
437 978 490 1002 aut
511 973 570 1002 tale
590 973 677 1013 quid,
693 972 715 1002 ii
738 977 808 1002 sunt
828 971 984 1002 constituti

96 1017 183 1057 quasi
203 1017 286 1046 mal-22
304 1015 475 1046 valetudine
495 1016 610 1052 animi;
635 1015 781 1045 sanabiles
802 1020 923 1044 tamen:
948 1019 984 1045 ut

98 1058 153 1098 [de
171 1060 308 1100 Socrate]
330 1059 448 1089 dicitur.
480 1058 562 1089 Cum
577 1059 676 1088 multa
691 1058 722 1088 in
743 1063 892 1088 conventu
908 1056 983 1087 vitia

96 1102 263 1142 collegisset
280 1102 312 1132 in
334 1112 405 1132 eum
428 1102 577 1142 Zopyrus,
601 1101 654 1142 qui
680 1111 710 1131 se
725 1106 866 1130 naturam
882 1100 983 1139 cujus-

96 1156 158 1186 que
181 1156 218 1176 ex
242 1145 341 1175 forma
362 1145 528 1186 perspicere
547 1145 755 1192 profitebatur,
771 1143 885 1173 derisus
908 1148 951 1172 est
966 1153 985 1172 a

97 1188 221 1227 caeteris,
247 1188 300 1229 qui
324 1188 380 1218 illa
402 1188 433 1217 in
456 1190 576 1218 Socrate
596 1187 670 1217 vitia
689 1196 749 1217 non
769 1190 983 1226 agnoscerent;

98 1231 160 1261 ab
152 1242 217 1272 ipso
232 1236 334 1261 autem
350 1232 469 1261 Socrate
485 1231 669 1268 sublevatus,
685 1239 756 1260 cum
772 1229 825 1259 illa
840 1228 918 1259 sibi
910 1228 986 1258 11151-

99 1279 141 1312 ta,
158 1274 209 1304 sed
224 1274 337 1304 ratione
352 1285 370 1304 a
381 1285 411 1304 se
425 1274 550 1313 dejecta,
567 1273 685 1303 diceret.

143 1317 237 1358 Ergo,
249 1324 283 1347 ut
298 1317 413 1358 optima
427 1317 495 1358 quis
510 1316 681 1346 valetudine
690 1315 813 1345 affectus
827 1319 925 1355 potest
940 1313 987 1344 vi-

100 1359 175 1398 deri,
192 1366 261 1390 utut
275 1360 384 1390 natura
398 1360 436 1390 ad
451 1359 585 1400 aliquem
596 1360 737 1389 morbum
747 1357 926 1399 proclivior;
943 1357 986 1387 sic

101 1402 222 1433 animus
235 1403 321 1436 311115
347 1403 386 1433 ad
409 1403 468 1433 alia
489 1402 563 1433 vitia
583 1401 766 1442 propensior.
801 1400 867 1438 Qui
881 1405 984 1430 autem

102 1455 164 1476 non
184 1447 304 1483 natura,
320 1446 371 1476 sed
393 1446 494 1486 culpa,
511 1445 610 1475 vitiosi
630 1455 691 1475 esse
711 1444 864 1481 dicuntur,
881 1453 987 1473 eorum

103 1488 176 1519 vitia
191 1495 326 1519 constant
341 1499 356 1519 e
370 1488 452 1519 falsis
467 1488 659 1529 opinionibus
673 1497 774 1517 rerum
789 1487 938 1517 bonarum
953 1495 988 1516 ac

103 1531 273 1567 malarum;
298 1538 332 1561 ut
347 1532 384 1561 sit
399 1531 476 1561 311115
490 1531 529 1561 ad
541 1531 614 1561 alios
625 1536 725 1560 motus
736 1528 989 1578 perturbationes-

103 1585 165 1616 que
184 1574 350 1615 proclivior.
375 1574 555 1604 Inveteratio
572 1579 674 1603 autem
691 1576 739 1607 (ut
753 1573 784 1602 in
790 1571 987 1620 corporibus)

104 1617 214 1657 aegrius
236 1617 406 1658 depellitur,
428 1627 520 1658 quam
542 1616 748 1658 perturbatio.
773 1615 920 1654 citiusque
942 1623 990 1644 re-

105 1660 248 1701 pentinus
271 1660 426 1690 oculorum
452 1665 553 1690 tumor
575 1665 709 1697 sanatur,
730 1668 824 1699 quam
845 1657 991 1687 diuturna

106 1703 257 1744 lippitudo
272 1702 440 1743 depellitur.

162 1745 362 1776 XXXVIII.
393 1745 464 1784 Sed,
487 1744 607 1794 cognita
627 1739 693 1784 jam
718 1754 809 1774 causa
833 1742 992 1783 perturba-

110 1788 239 1828 tionum,
255 1799 324 1830 quae
342 1798 446 1820 omnes
465 1788 604 1819 oriuntur
625 1798 662 1818 ex
678 1786 798 1827 judiciis
814 1785 992 1827 opinionum
