1226 1935
261 81 385 114 TUSC.
404 80 578 120 QUAEST.
596 80 675 111 Lm.
695 82 721 112 I.
739 82 822 113 CAP.
839 82 891 112 43.
960 81 1019 112 145

127 168 204 198 lum.
239 167 324 198 Nam
350 167 419 199 vitae
442 167 559 198 miserae
587 177 669 198 mors
695 167 764 197 finis
790 177 853 197 esse
879 167 1016 198 videtur:

128 210 245 247 mortis,
256 210 280 240 si
293 217 336 241 est
347 211 467 247 misera,
482 209 550 240 finis
560 220 622 240 esse
632 210 735 240 nullus
744 215 851 251 potest.
877 210 936 240 Sed
945 209 1021 250 quid

130 263 186 294 ego
215 254 367 283 Socratem
396 259 449 283 aut
474 253 710 290 Theramenem9
738 259 911 293 praestantes
940 253 1020 282 viros

129 295 249 326 virtutis
264 302 293 326 et
308 296 463 336 sapientiae
481 296 588 336 gloria,
605 305 820 333 commemoro,
837 306 907 326 cum
924 296 1020 325 Lace-

129 338 299 369 daemonius
311 338 449 379 quidam,
462 339 548 377 cujus
559 348 596 368 ne
606 347 715 368 nomen
728 338 851 379 quidem
864 338 1020 379 proditum

129 387 185 417 est,
201 387 330 411 mortem
347 387 501 421 tantopere
521 381 722 418 contemserit,
739 386 784 418 ut,
802 391 871 411 cum
893 381 930 411 ad
952 390 1020 411 eam

128 423 298 462 duceretur,
311 423 473 454 damnatus
485 425 523 453 ab
535 423 678 464 Ephoris‚
701 429 729 454 et
745 430 820 454 esset
831 424 918 454 vultu
931 423 1021 454 hilari

128 473 220 507 atque
235 467 316 503 laeto,
332 465 517 507 dixissetque
532 466 559 496 ei
580 465 706 506 quidam
726 466 879 504 inimicus,
898 469 920 484 “
937 468 1019 498 Con-

129 509 278 539 temnisne
298 510 379 549 leges
400 509 560 549 Lycurgi?
564 509 583 523 ”
606 509 802 549 responderit,
828 511 850 527 “
866 509 936 550 Ego
951 520 1021 540 vero

130 552 176 582 1111
192 552 360 582 maximam
376 552 505 592 gratiam
521 551 629 587 habeo,
646 552 699 592 qui
715 562 765 582 me
781 552 817 582 ea
837 553 926 592 poena
941 554 1023 583 mul-

131 595 249 631 taverit,
258 604 363 636 quam,
375 594 438 624 sine
447 594 636 624 mutuatione
646 600 674 624 et
686 594 749 624 sine
760 605 893 632 versura,
905 605 1024 635 possem

130 637 325 668 dissolvere.’'
352 636 382 667 Ο
398 637 498 667 virum
515 637 624 677 Sparta
638 637 767 677 dignum
780 637 787 667 !
812 643 847 667 ut
862 638 938 668 mihi
954 639 1023 679 qui-

129 680 212 718 dem,
230 680 283 721 qui
300 686 362 710 tam
377 690 490 720 magno
505 680 608 710 animo
624 679 725 718 fuerit,
738 680 880 712 innocens
895 680 1022 711 damna-

130 729 179 753 tus
194 733 256 753 esse
272 723 418 753 videatur.

171 766 265 795 Tales
279 765 515 796 innumerabiles
530 770 631 796 nostra
646 765 749 796 civitas
765 766 844 796 tulit.
870 765 929 797 Sed
944 767 1020 808 quid

130 808 222 838 duces
242 814 271 838 et
296 808 445 849 principes
469 809 635 845 nominem,
661 818 731 838 cum
754 809 886 849 legiones
912 810 1023 840 scribat

129 851 206 881 Cato
222 861 299 892 saepe
315 851 425 881 alacres
440 851 471 880 in
487 861 557 880 eum
573 851 673 881 locum
684 851 842 891 profectas,
863 852 944 883 unde
955 853 1023 882 red-

128 895 223 924 ituras
252 904 282 924 se
304 903 364 923 non
389 894 630 924 arbitrarentur?
656 894 727 923 Pari
758 894 860 924 animo
877 895 1020 926 Lacedae-

132 936 227 967 monii
238 937 270 966 in
282 936 499 977 Thermopylis
509 936 692 974 occiderunt,
703 937 735 966 in
744 947 820 977 quos
830 937 1001 968 Simonides
1012 949 1021 968 z

174 998 197 1015 “
212 995 284 1032 Dic,
300 995 420 1036 hospes,
433 995 560 1036 Spartae,
572 1005 627 1025 nos
639 1001 667 1025 te
678 995 730 1026 hic
741 995 849 1026 vidisse
861 997 1007 1035 jacentes,

260 1038 348 1069 Dum
364 1039 473 1069 sanctis
488 1038 594 1080 patriae
609 1038 727 1079 legibus
742 1039 971 1080 obsequimur.”

130 1109 216 1148 Quid
232 1109 284 1139 ’1110
298 1108 363 1139 dux
374 1108 526 1139 Leonidas
538 1109 611 1139 dicit
622 1111 636 1140 ?
661 1110 682 1127 “
695 1109 816 1150 Pergite
827 1110 929 1141 animo
939 1109 1022 1148 forti,

133 1152 376 1183 Lacedaemonii:
400 1152 490 1183 hodie
513 1152 596 1193 apud
619 1152 730 1182 inferos
750 1153 874 1183 fortasse
893 1154 1025 1184 coenabi-

132 1196 235 1226 mus.'’
269 1195 342 1225 Fuit
356 1195 421 1225 haec
442 1205 515 1236 gens
530 1195 626 1232 fortis,
642 1195 717 1225 dum
734 1195 869 1236 Lycurgi
883 1197 964 1237 leges
979 1197 1025 1227 vi-

132 1240 263 1280 gebant:
288 1248 304 1268 e
320 1238 431 1278 quibus
446 1248 537 1275 unus,
554 1248 625 1268 cum
642 1238 747 1269 Perses
767 1238 861 1269 hostis
879 1239 911 1269 in
931 1240 1024 1269 collo-

133 1282 205 1322 quio
220 1280 343 1311 dixisset
357 1280 500 1321 glorians,
518 1284 540 1299 “
553 1282 667 1318 Solem,
680 1292 743 1322 prae
756 1281 927 1320 jaculorum
942 1283 1024 1312 mul-

131 1324 262 1354 titudine
277 1329 307 1354 et
320 1323 510 1364 sagittarum,
521 1334 582 1354 non
594 1324 766 1354 videbitis.'’
790 1326 813 1342 “
826 1325 865 1355 111
877 1325 1024 1363 11111111ὲ,”

132 1367 245 1408 inquit,
270 1368 293 1384 “
308 1366 401 1407 igitur
415 1367 654 1407 pugnabimus.'’
685 1367 777 1397 Viros
796 1377 1022 1398 commemoro:

134 1410 233 1452 qualis
249 1409 372 1440 tandem
382 1409 512 1440 Lacaena
525 1412 539 1441 ?
564 1420 633 1451 quae
642 1420 712 1440 cum
724 1410 824 1440 filium
839 1410 870 1440 in
882 1411 1024 1451 proelium

132 1453 273 1490 misisset,
290 1458 319 1483 et
333 1452 525 1483 interfectum
539 1453 684 1491 audisset,
709 1455 731 1470 “
744 1453 897 1491 Idcirco‚''
911 1454 1023 1495 inquit,

133 1498 157 1514 “
173 1505 349 1536 genueram,
374 1501 409 1525 ut
431 1502 517 1534 esset,
542 1496 596 1538 qui
617 1506 673 1538 pro
694 1496 793 1538 patria
811 1501 941 1527 mortem
961 1507 1024 1527 non

132 1539 285 1569 dubitaret
299 1539 508 1569 occumbere.”

174 1581 306 1612 XLIII.
329 1580 422 1611 Esto:
450 1581 540 1613 fortes
553 1587 582 1612 et
597 1581 665 1612 duri
681 1582 724 1623 Sp
725 1582 860 1612 artiatae:
877 1592 1024 1623 magnam

132 1625 225 1655 habet
240 1625 302 1654 vim
324 1624 498 1665 reipublicae
512 1625 606 1666 discip
607 1625 679 1655 lina.
703 1593 814 1663 PQuid?
839 1625 1023 1674 Cyrenaeum

132 1667 343 1716 Theodorum,
356 1667 572 1708 philosophum
586 1677 647 1698 non
663 1668 841 1708 ignobilem,
856 1678 956 1698 nonne
966 1669 1026 1699 mi-

132 1711 262 1741 ramur?
286 1710 335 1740 cui
350 1720 421 1740 cum
434 1710 636 1751 Lysimachus
648 1721 701 1743 rex
713 1721 833 1743 crucem
846 1711 1024 1749 minaretur,

176 1754 327 1791 (Philos)
345 1761 365 1784 v
371 1762 428 1785 01.
447 1762 504 1785 111.
787 1762 807 1784 ο
