1180 1935
173 92 236 123 410
259 90 320 122 DE
344 90 450 122 ΝΑΤ.
475 89 611 122 DEOR.
635 89 714 120 Lm.
731 89 796 121 ΙΙΙ.
812 88 895 120 CAP.
916 90 963 121 13.

173 189 227 210 nee
242 178 323 219 quod
335 177 435 207 dirimi
450 176 610 207 distrahive
625 186 685 206 non
696 176 797 217 possit.
830 175 972 216 Cumque
985 185 1052 206 om-

173 232 212 252 ne
240 221 353 251 animal
376 221 531 261 patibilem
555 226 695 250 naturam
719 219 839 258 habeat,
866 219 986 249 nullum
1009 226 1053 250 est

173 275 289 302 eorum,
306 264 387 304 quod
408 263 532 303 effugiat
549 262 711 302 accipiendi
730 262 846 302 aliquid
861 262 1051 299 extrinsecus,

173 308 205 337 id
220 313 274 345 est,
285 307 371 348 quasi
386 306 498 336 ferendi
514 312 542 335 et
557 305 701 346 patiendi,
711 305 922 335 necessitatem.
947 304 1015 343 [Et,
1029 305 1053 336 si

173 360 263 381 omne
288 350 401 380 animal
421 349 547 379 mortale
571 354 624 385 est,
647 348 817 378 immortale
840 348 959 377 nullum
981 349 1050 389 est.]

174 393 269 433 Ergo,
284 393 401 431 itidem,
418 392 443 422 si
458 402 547 421 omne
561 391 672 421 animal
689 391 781 421 secari
794 401 828 421 ac
843 390 935 421 dividi
945 396 1052 431 potest,

174 436 296 466 nullum
325 442 369 465 est
395 445 499 465 eorum
523 434 725 471 individuum,
751 434 873 463 nullum
899 439 1052 463 aeternum.

175 479 274 519 Atqui
286 489 376 509 omne
385 478 509 514 animal,
522 477 560 507 ad
572 477 776 517 accipiendam
788 476 850 506 vim
862 482 1012 507 externam
1024 483 1054 507 et

174 521 340 558 ferendam,
353 526 493 561 paratum
505 526 557 550 est.
581 520 714 550 Mortale
725 520 817 560 igitur
831 529 920 550 omne
931 519 1054 559 animal,

175 571 205 595 et
219 565 392 594 dissolubile
407 570 435 593 et
450 563 609 593 dividuum
625 563 673 599 sit,
689 573 806 593 necesse
821 568 873 593 est.

218 608 263 637 Ut
278 607 370 645 enim,
392 607 417 637 si
436 606 534 636 omnis
549 617 616 636 cera
635 605 858 636 commutabilis
879 610 962 642 esset,
978 605 1053 636 nihil

176 656 251 681 esset
266 660 396 687 cereum,
416 649 498 690 quod
513 649 692 679 commutari
707 659 768 678 non
782 654 901 689 possetg
924 648 995 679 item
1010 649 1057 678 ni-

176 694 220 723 hil
244 699 432 733 argenteum,
448 693 525 722 nihil
545 702 674 728 aeneum,
695 691 718 721 si
741 691 961 722 commutabilis
983 698 1056 722 esset

177 743 286 767 natura
311 737 426 776 argenti
450 741 480 765 et
505 735 592 765 aeris:
617 734 754 765 similiter
778 734 883 774 igitur,
900 734 924 764 si
945 734 1054 773 omnia,

176 791 246 820 quae
261 785 342 815 sunt,
359 790 374 809 e
389 779 499 819 quibus
514 784 621 808 cuncta
633 783 780 814 constant,
796 777 952 808 mutabilia
963 784 1031 807 sunt
1043 786 1056 813 ς

177 823 298 852 nullum
314 832 420 862 corpus
436 832 497 851 esse
511 826 608 861 potest
622 831 682 850 non
703 820 858 850 mutabile.
896 820 1057 851 Mutabilia

177 872 280 895 autem
295 870 366 894 sunt
387 865 451 901 illa,
468 875 506 894 ex
521 864 631 904 quibus
646 863 748 893 omnia
763 868 908 901 constant,
926 869 956 893 ut
974 864 1057 894 vobis

178 908 296 939 videtur
308 920 321 939 ε,
342 918 432 938 omne
447 907 539 947 igitur
556 916 662 946 corpus
680 906 826 936 mutabile
840 911 891 936 est.
915 906 958 936 At
972 906 995 935 si
1010 917 1056 936 es-

178 958 221 981 set
237 961 344 991 corpus
359 951 482 991 aliquod
497 950 678 986 immortale,
694 959 754 978 non
769 955 844 979 esset
858 959 945 979 omne
959 955 1059 979 muta-

178 994 248 1024 bile.
284 995 334 1024 Ita
348 993 484 1029 efficitur,
501 998 535 1022 ut
550 1002 639 1022 omne
654 1002 760 1032 corpus
775 992 900 1022 mortale
915 992 957 1022 sit.
999 992 1058 1022 Et-

179 1037 259 1067 enim
284 1047 373 1066 omne
397 1047 504 1076 corpus
533 1041 586 1065 aut
613 1045 703 1075 aqua,
729 1041 783 1065 aut
811 1038 872 1073 asir,
894 1043 944 1065 aut
966 1035 1055 1076 ignis,

178 1086 232 1110 aut
250 1086 327 1110 terra
348 1085 401 1117 est,
428 1085 481 1109 aut
509 1079 552 1116 id,
579 1078 660 1118 quod
680 1083 723 1107 est
742 1083 912 1108 concretum
936 1088 972 1108 ex
996 1078 1056 1115 his,

180 1129 233 1152 aut
259 1133 297 1153 ex
321 1122 424 1163 aliqua
450 1128 535 1162 parte
560 1131 674 1151 eorum.
713 1121 835 1151 Horum
859 1127 956 1151 autem
981 1121 1057 1151 nihil

179 1172 233 1203 est,
250 1165 325 1206 quin
341 1165 474 1195 intereat.
510 1164 594 1194 Nam
617 1171 646 1193 et
669 1168 821 1193 terrenum
843 1173 931 1194 omne
950 1163 1058 1194 dividi·

179 1214 249 1244 tur;
275 1214 303 1238 et
318 1208 428 1237 humor
443 1208 485 1238 ita
499 1206 599 1237 mollis
615 1212 668 1243 est,
682 1212 716 1236 ut
731 1206 817 1236 facile
829 1207 982 1248 comprimi
997 1208 1058 1237 col-

179 1251 294 1291 lidiquc
309 1251 410 1291 possit.
436 1250 519 1291 Ignis
535 1260 615 1286 vero,
627 1255 654 1279 et
666 1249 727 1287 a'cr,
740 1249 823 1279 omni
833 1249 962 1290 impulsu
973 1250 1058 1280 facil-

179 1294 253 1324 lime
267 1294 409 1334 pellitur;
433 1293 602 1333 naturaque
616 1291 721 1322 cedens
736 1298 779 1322 est
793 1293 933 1331 maxime,
955 1298 983 1323 et
997 1293 1060 1323 dis·-

181 1337 324 1377 sipabilis.
364 1337 512 1366 Praeterea
532 1335 634 1365 omnia
655 1335 718 1365 haec
733 1340 798 1365 tum
813 1335 970 1372 intereunt,
988 1346 1059 1366 cum

181 1379 213 1409 in
228 1386 369 1409 naturam
384 1380 475 1409 aliam
491 1383 724 1413 convertuntur3
749 1378 827 1417 quod
841 1379 884 1415 fit,
898 1389 965 1409 cum
981 1384 1058 1409 terra

181 1422 214 1452 in
232 1432 344 1463 aquam
368 1433 398 1452 se
417 1422 515 1457 vertit,
533 1427 562 1451 et
587 1431 657 1451 cum
679 1430 716 1450 ex
737 1421 813 1460 aqia
833 1422 924 1452 oritur
946 1422 1007 1459 a'e'r,
1029 1428 1059 1452 et

182 1475 252 1495 cum
276 1476 313 1495 ex
337 1465 405 1495 a'ere
428 1465 530 1501 aether,
554 1473 684 1504 cumque
709 1462 809 1492 eaden
833 1465 958 1495 vicissim
981 1471 1060 1495 retro

185 1514 367 1538 commeant.
392 1507 524 1546 Quodsi
540 1518 574 1537 ea
588 1507 746 1543 intereant,
763 1516 801 1535 ex
822 1508 924 1543 quibus
945 1514 1059 1538 constet

182 1561 272 1581 omne
287 1551 412 1587 animal,
428 1551 549 1580 nullum
565 1556 608 1580 est
623 1549 736 1579 animal
751 1557 967 1589 sempternum.

226 1594 326 1623 XIII.
351 1593 404 1631 Et,
421 1599 455 1623 ut
470 1593 533 1623 haee
547 1593 734 1629 omittamus,
748 1594 967 1624 tamenanimal
989 1594 1059 1624 nul.

182 1636 250 1666 lum
266 1636 393 1666 inveniri
408 1642 515 1677 potest,
533 1636 615 1676 quod
630 1645 728 1676 neque
740 1640 846 1664 natum
862 1647 989 1678 mquam
1008 1637 1058 1674 sit,

184 1685 215 1709 et
237 1689 353 1720 semper
374 1679 412 1709 sit
434 1679 583 1709 futurum.
618 1678 722 1709 Omne
742 1678 823 1708 enim
839 1680 941 1710 anmal
956 1690 1060 1710 sensus

185 1722 295 1752 habet:
321 1722 410 1752 sentit
425 1722 518 1762 igitur
537 1727 565 1752 et
586 1722 694 1759 calida,
716 1726 746 1751 et
766 1720 885 1761 frigida,
899 1729 928 1753 et
948 1722 1060 1759 dulcia,

185 1770 215 1796 et
229 1775 353 1803 amara3
376 1775 431 1797 nec
446 1770 542 1807 potest
557 1765 621 1797 ullo
636 1775 724 1797 sensu
737 1764 875 1805 jucunda
889 1765 1020 1808 accipere,
1033 1769 1063 1796 et
