1180 1935
163 57 224 89 DE
241 58 349 90 NAT.
366 58 503 91 DEOR,
521 59 601 90 1113.
619 59 664 91 11.
682 59 766 91 CAP.
783 58 834 89 60.
878 58 943 90 393

58 143 134 174 Haec
154 154 208 175 nos
225 146 313 185 juris,
332 146 449 186 legum,
471 146 606 184 urb-ium,
628 145 766 176 societate
786 144 942 175 devinxit:

55 186 119 217 haec
135 198 153 217 a
168 188 230 218 vita
244 189 373 218 immani
388 195 417 220 et
432 189 495 219 ferit
510 188 686 230 segregavit.

97 230 151 260 Ad
177 241 267 261 usum
294 238 399 262 autem
424 232 577 269 orationis,
608 231 782 261 incredibile
806 236 860 267 est,
886 229 942 260 nisi

53 271 213 313 diligenter
226 274 399 313 attenderis,
416 282 531 315 quanta
545 285 635 315 opera
649 274 822 304 machinata
837 279 944 303 natura

53 315 100 345 sit.
127 316 266 346 Primum
283 317 364 347 enim
380 328 398 347 a
412 318 609 358 pulmonibus
624 317 732 347 arteria
747 327 843 357 usque
857 316 896 346 ad
911 326 945 346 os

53 357 198 389 intimum
214 360 353 400 pertinet,
370 371 423 400 per
438 371 531 401 quam
544 371 615 397 vox,
628 359 811 401 principium
826 369 844 388 a
859 369 945 388 men-

54 406 83 430 te
97 401 220 439 ducens,
237 404 401 444 percipitur
415 410 445 433 et
460 404 607 434 funditur.
643 402 763 433 Deinde
777 402 808 431 in
824 412 874 431 ore
889 401 946 431 sita

52 443 157 484 lingua
177 452 232 483 est,
256 446 342 476 finita
364 446 514 477 dentibus.
549 446 598 477 Ea
616 455 731 481 vocem,
747 444 945 474 immoderate

52 487 220 526 profusam,
242 489 330 529 fingit
351 495 380 519 et
402 490 565 526 terminat;
590 499 659 530 quae
683 498 772 518 sonos
796 486 876 517 vocis
897 486 944 516 di-

51 529 174 560 stinctos
198 538 228 561 et
253 541 369 572 pressos
393 532 492 570 efficit,
519 543 590 563 cum
607 538 636 562 et
659 531 699 561 ad
725 531 828 560 dentes
851 536 880 560 et
903 529 941 559 ad

51 572 125 602 alias
147 580 247 614 partes
268 575 355 615 pellit
376 575 444 605 oris.
470 576 579 616 Itaque
601 574 707 616 plectri
728 573 859 604 similem
882 572 942 602 lin..

49 625 144 655 guam
161 617 254 647 nostri
269 618 365 648 solent
380 618 496 654 dicere;
521 618 703 648 chordarum
715 617 832 653 dentes,
854 625 940 645 nares

49 659 190 689 cornibus
206 660 252 697 iis,
266 661 319 700 qui
330 661 370 691 ad
385 671 490 692 nervos
505 666 645 692 resonant
659 660 691 690 in
706 660 852 690 cantibus.

94 702 166 732 Lx.
189 703 295 740 Quam
318 714 387 734 vero
408 710 505 745 aptas,
525 713 680 745 quamque
702 703 870 732 multarum
893 711 941 731 ar-

50 743 128 774 tium
143 745 307 783 ministras,
324 757 433 777 manus
449 753 557 777 natura
572 746 689 777 homini
704 745 788 776 dedit
801 745 809 775 l
851 744 940 784 Digi-

49 792 150 817 torum
178 789 258 818 enim
286 790 447 820 contractio
473 790 579 827 facilis,
602 789 759 829 facilisque
781 788 939 828 porrectio,

49 837 171 871 propter
180 832 286 862 molles
295 833 506 863 commissuras
515 839 544 863 et
555 839 648 869 artus,
660 831 745 862 nullo
755 831 786 860 in
799 837 885 861 motu
896 830 941 860 la-

52 874 146 903 borat.
184 875 295 915 Itaque
324 876 362 905 ad
391 876 592 916 pingendum,
618 875 656 905 ad
683 874 873 914 fingendum,
901 873 940 903 ad

49 917 258 957 scalpendum,
279 918 318 948 ad
339 929 500 949 nervorum
517 919 675 949 eliciendos
691 927 778 947 sonos
798 927 832 947 ac
853 916 942 946 tibia.-

51 970 131 997 rum,
147 967 220 1000 apta
240 971 348 992 manus
372 968 426 999 est,
450 961 623 992 admotione
634 961 809 1001 digitorum.
833 960 942 1000 Atque

48 1002 112 1032 haec
124 1004 330 1034 oblectationis
342 1016 349 1034 z
374 1004 427 1034 ina
441 1005 622 1035 necessitatis
634 1016 644 1041 ς
668 1005 767 1034 cultus
777 1003 843 1033 dico
854 1012 942 1043 agro-

49 1056 130 1084 rum,
154 1047 431 1088 exstructionesque
453 1053 611 1084 tectorum,
634 1052 812 1087 tegumenta
833 1056 939 1086 corpo-

49 1098 118 1118 rum
135 1089 181 1119 vel
197 1095 279 1120 texta
293 1091 341 1120 vel
357 1097 435 1128 suta,
455 1101 642 1131 omnemque
662 1090 807 1120 fabricam
827 1088 893 1119 aeris
911 1094 941 1118 et

48 1131 138 1167 serri;
163 1143 200 1162 ex
217 1143 278 1173 quo
289 1133 479 1174 intelligitur,
496 1134 672 1167 adinventa
684 1133 800 1169 animo,
817 1141 940 1172 percep-

48 1179 79 1204 ta
97 1175 244 1213 sensibus,
264 1176 407 1206 adhibitis
430 1176 573 1217 opificum
592 1176 745 1212 manibus,
762 1175 865 1205 onmia
885 1184 940 1204 nos

46 1224 230 1255 consecutos,
244 1225 278 1248 ut
288 1220 368 1256 tecti,
380 1226 415 1249 ut
424 1219 533 1257 vestiti,
545 1226 580 1249 ut
592 1219 677 1256 salvi,
689 1229 750 1249 esse
762 1228 918 1259 possemus
928 1228 939 1254 ;

48 1261 148 1298 urbes,
164 1271 279 1299 muros,
292 1262 455 1299 domicilia,
472 1262 609 1300 delubra,
626 1262 816 1295 haberemus.

89 1304 165 1333 dam
189 1315 259 1335 vero
280 1305 421 1345 operibus
444 1305 617 1343 hominum,
645 1305 678 1335 id
703 1311 758 1342 est,
783 1304 938 1341 manibus,

46 1346 106 1376 eibi
122 1347 213 1376 etiam
228 1347 355 1380 varietas
369 1348 533 1386 invenitur,
551 1354 581 1378 et
595 1347 690 1388 copia.
728 1348 814 1377 Nam
830 1353 859 1377 et
873 1347 938 1387 agri

47 1389 146 1419 multa
161 1389 262 1420 ferunt
277 1401 371 1421 manu
390 1391 527 1432 quaesita,
549 1402 618 1432 quae
639 1391 687 1421 vel
707 1390 810 1420 statim
831 1399 939 1420 consu-

46 1438 181 1469 mantur,
198 1433 245 1465 vel
260 1434 444 1465 mandentur
458 1434 578 1465 condita
590 1434 740 1464 vetustati.
764 1433 808 1463 Et
816 1438 939 1473 praeter-

45 1485 82 1505 ea
97 1475 246 1506 vescimur
259 1477 361 1506 bestiis
377 1482 406 1507 et
421 1477 545 1507 terrenis
560 1483 590 1507 et
604 1476 789 1517 aquatilibus
812 1482 841 1505 et
857 1475 940 1505 vola-

49 1517 165 1555 tilibus,
189 1518 300 1559 partim
322 1519 479 1560 capiendo,
496 1520 607 1560 partim
630 1519 747 1550 alendo.
779 1518 940 1548 Efficimus

47 1561 138 1591 etiam
151 1561 268 1592 domitu
281 1568 382 1593 nostro
394 1563 627 1603 quadrupedum
637 1562 795 1600 vecfiones,
809 1571 939 1602 quorum

46 1604 182 1634 celeritas
197 1610 289 1646 atque
305 1605 348 1636 vis
368 1606 454 1635 nobis
473 1605 546 1646 ipsis
564 1605 651 1636 affert
671 1605 733 1636 vim
754 1610 784 1637 et
802 1604 940 1636 *celerita-

48 1652 121 1677 tem.
145 1647 211 1677 Nos
226 1658 317 1678 onera
332 1648 517 1689 quibusdam
531 1648 644 1685 bestiis,
656 1658 710 1678 nos
723 1648 799 1688 juga
807 1646 939 1688 'imponi-

47 1699 136 1720 mus:
160 1699 214 1720 nos
240 1691 471 1731 elephantorum
500 1691 680 1722 acutissimis
709 1690 855 1728 sensibus,
885 1699 940 1719 nos

49 1733 214 1773 sagacitate
228 1744 350 1774 canum,
367 1733 405 1766 ed
426 1734 588 1766 utilitatem
608 1740 743 1765 nostram
762 1733 938 1764 abutimur:
