1180 1935
155 68 217 99 DE
241 69 349 100 NAT.
366 68 504 100 DEOR.
521 68 600 100 Lm.
618 68 664 100 11.
678 68 761 100 CAP.
775 69 828 99 35.
872 67 935 98 369

47 153 172 192 dicam),
188 160 280 196 atque
294 155 435 186 educator
450 161 479 186 et
493 155 580 192 altor,
597 160 641 185 est
652 154 802 190 mundus3
819 153 937 185 omnia-

47 207 117 245 que,
135 198 212 228 sicut
226 200 364 229 membra
380 204 409 229 et
423 204 523 240 partes
538 208 617 235 suas,
640 198 808 228 nutricatur
822 203 852 228 et
866 206 937 228 con-

46 244 130 270 tmet.

90 283 183 321 Quod
198 283 223 313 si
237 284 345 314 mundi
365 290 464 325 partes
479 283 588 314 natura
606 283 866 320 administrantur,
883 292 937 312 ne-

45 335 124 356 cesse
139 332 183 356 est
197 327 349 357 mundum
366 328 466 368 ipsum
483 327 591 357 naturii
606 326 824 361 administrari;
849 326 937 364 cujus

45 368 170 409 quidem
185 369 405 400 administratio
421 370 495 399 nihil
511 370 603 400 habet
623 370 654 399 in
676 379 717 406 se,
734 369 816 409 quod
836 378 936 408 repre-

45 411 137 441 hendi
152 413 254 452 possit.
289 413 340 443 Ex
363 413 399 443 iis
415 413 495 443 enim
511 412 626 443 naturis
646 423 715 453 quae
736 417 831 449 erant,
854 410 936 451 quod

45 453 121 484 effici
136 455 236 495 potuit
250 456 414 496 optimum,
431 456 570 487 effectum
587 462 639 485 est.
664 455 780 485 Doceat
795 464 865 494 ergo
881 453 936 483 ali-

45 497 114 538 quis
134 499 266 538 potuisse
289 499 408 529 melius.
443 499 503 530 Sed
526 508 616 529 nemo
636 508 773 539 unquam
795 496 933 527 docebit:

44 546 83 577 et,
101 540 125 570 si
141 541 209 581 quis
224 542 370 582 corrigere
381 542 497 583 aliquid
513 542 602 578 volet,
619 548 672 571 aut
687 540 817 571 deterius
833 539 933 577 faciet,

43 588 97 613 aut
112 583 154 621 id,
171 584 253 624 quod
269 584 333 615 fieri
347 595 408 615 non
423 585 533 625 potuit,
550 584 738 615 desiderabit.

86 626 179 664 Quod
195 627 219 657 si
234 638 339 658 omnes
353 628 462 658 mundi
484 634 582 669 partes
603 628 646 657 ita
666 626 836 657 constitutae
851 629 934 662 sunt,

42 673 77 698 ut
93 678 191 710 neque
206 670 244 700 ad
259 681 349 701 usum
364 671 502 701 meliores
517 670 671 711 potuerint
686 680 758 707 esse,
781 679 880 709 neque
894 667 934 697 ad

42 712 172 752 speciem
196 713 401 753 pulchriores;
426 714 592 752 videamus,
621 719 725 743 utrum
751 723 785 742 ea
809 710 934 741 fortuita
971 751 977 758 ι

41 754 111 792 sint,
125 765 164 785 an
180 766 215 786 eo
230 762 321 794 statu,
333 767 394 798 quo
406 757 553 787 cohaerere
564 757 649 787 nullo
664 755 755 786 modo
767 754 932 795 potuerint,

40 797 97 827 nisi
113 809 201 829 sensu
217 800 403 838 moderante,
420 800 583 840 divinaque
594 798 792 841 providentia.
817 797 850 827 Si
862 806 933 837 ergo

39 841 166 871 meliora
181 848 251 872 sunt
267 853 301 872 ea
317 854 386 884 quae
400 843 521 879 natura,
532 853 625 884 quam
636 842 688 872 ina
700 852 769 882 quae
781 846 854 877 arte,
866 850 935 880 per·-

39 883 117 914 fecta
132 890 222 920 sunt;
247 895 302 916 nec
317 897 364 916 ars
379 886 469 916 efficit
484 886 652 927 quidquam
669 885 732 915 sine
747 884 878 918 ratione;
895 892 934 912 ne

38 933 148 957 natura
163 928 287 968 quidem
303 929 425 959 rationis
441 940 547 969 expers
563 935 606 959 est
622 928 769 958 habenda.
794 928 860 964 Qui
876 925 934 966 igi-

38 975 88 999 tur
103 972 252 1009 convenit,
275 971 396 1012 signum
420 978 473 1002 aut
494 972 630 1002 tabulam
651 971 763 1012 pictam
785 980 855 1000 cum
877 968 932 998 ad-

37 1014 180 1053 spexeris,
198 1015 271 1044 scire
287 1015 454 1045 adhibitam
471 1026 532 1045 esse
544 1022 657 1050 artem3
682 1024 814 1054 cumque
825 1012 931 1053 procul

37 1066 160 1086 cursum
177 1057 289 1098 navigii
306 1058 424 1096 videris,
442 1068 502 1088 non
518 1058 668 1094 dubitare,
682 1057 756 1097 quin
769 1056 799 1086 id
815 1055 930 1085 ratione

36 1105 129 1139 atque
144 1105 206 1130 arte
221 1107 397 1137 moveatur3
422 1107 475 1131 aut
491 1111 561 1131 cum
577 1100 720 1131 solarium
737 1100 784 1130 vel
799 1098 930 1138 descrip-

36 1147 116 1180 tum,
133 1149 186 1173 aut
201 1154 238 1174 ex
254 1144 346 1185 aqua,
363 1145 577 1186 contemplere,
601 1143 769 1183 intelligere
785 1140 930 1173 declarari

35 1184 124 1215 horas
143 1192 217 1223 arte,
241 1196 302 1217 non
322 1198 414 1223 casu;
438 1187 591 1217 mundum
613 1192 728 1223 autem,
750 1185 804 1226 qui
825 1190 853 1215 et
874 1184 929 1215 has

35 1227 114 1268 ipsas
131 1234 219 1266 artes
237 1236 266 1260 et
290 1240 393 1260 earum
415 1230 553 1267 artifices,
571 1236 600 1260 et
619 1236 727 1260 cuncta
747 1227 929 1269 complecta-

34 1275 95 1308 tur,
112 1272 227 1302 consilii
243 1278 272 1303 et
286 1273 409 1303 rationis
424 1284 486 1304 esse
501 1279 655 1314 expertem
670 1278 778 1313 putare
789 1273 803 1302 ?

77 1314 171 1352 Quod
183 1314 207 1345 si
222 1315 253 1345 in
266 1316 433 1357 Scythiam,
445 1322 498 1347 aut
512 1317 544 1346 in
557 1315 762 1352 Britanniam,
775 1314 927 1355 sphaeram

33 1356 144 1397 aliquis
168 1358 270 1390 tulerit
293 1359 383 1397 hanc,
408 1370 502 1400 quarn
524 1369 622 1400 nuper
643 1358 800 1388 familiaris
826 1362 927 1387 noster

34 1400 131 1431 effecit
153 1401 344 1440 Posidonius,
367 1403 454 1442 cujus
470 1402 597 1443 singulae
617 1401 823 1432 conversiones
843 1400 925 1430 idem

33 1442 168 1473 efficiunt
188 1443 218 1474 in
235 1445 307 1483 sole,
325 1451 354 1475 et
368 1445 399 1475 in
420 1446 506 1483 lunii,
524 1452 553 1475 et
568 1445 599 1474 in
615 1444 751 1485 quinque
767 1443 860 1474 stellis
879 1453 925 1473 er-

31 1486 179 1525 rantibus,
204 1488 287 1528 quod
311 1488 438 1519 efficitur
464 1489 495 1518 in
516 1489 589 1518 coelo
611 1487 737 1527 singulis
767 1487 873 1516 diebus
895 1491 925 1516 et

29 1529 187 1566 noctibus3
221 1531 289 1571 quis
318 1531 349 1561 in
379 1531 433 1562 issa
458 1532 596 1562 barbarie
622 1531 752 1569 dubitet,
780 1529 857 1572 quin
887 1539 922 1560 ea

27 1572 146 1612 sphaera
160 1573 198 1603 sit
212 1574 344 1614 perfecta
358 1575 472 1605 ratione
485 1577 498 1605 Ρ

70 1615 215 1646 XXXV.
240 1616 285 1647 Hi
309 1623 411 1648 autem
436 1617 578 1648 dubitant
600 1616 638 1647 de
658 1615 787 1652 mundo,
805 1625 842 1645 ex
858 1625 921 1655 quo

27 1663 58 1688 et
81 1658 220 1689 oriuntur
244 1665 273 1689 et
294 1660 373 1691 fiunt
391 1661 505 1698 omnia,
528 1670 638 1691 casune
653 1660 717 1700 ipse
732 1659 770 1689 sit
785 1658 920 1695 effectus,

27 1706 81 1731 aut
97 1702 270 1733 necessitate
288 1703 404 1745 aliqua,
420 1714 460 1734 an
481 1703 596 1734 ratione
618 1713 652 1733 ac
672 1707 775 1734 mente
795 1700 920 1737 divin&

26 1750 56 1774 et
70 1744 289 1776 Archimedem
304 1747 490 1778 arbitrantur
504 1746 574 1789 plus
590 1746 719 1777 valuisse
743 1745 774 1776 in
799 1744 922 1775 imitan-

1163 1412 1180 1611 ἰὶρηάκμὲζ-ξϊ
1178 1337 1180 1339 .
1171 1289 1180 1299 ;.
1164 1271 1167 1277 ⁴
1172 1239 1175 1256 N*
