1180 1935
122 121 184 150 432
228 117 290 148 DE
307 117 416 148 NAT.
435 116 572 148 DEOR.
590 117 668 148 LIB.
685 118 750 148 111.
767 117 850 149 CAP.
866 119 907 155 37

118 204 308 235 haberemus.
331 203 378 233 At
392 213 461 233 vero
475 209 529 233 aut
543 202 706 233 honoribus
721 204 811 241 aucti,
834 210 887 234 aut
907 213 938 234 re
958 203 1003 234 fa-

117 247 242 284 miliari,
265 252 319 276 aut
338 246 362 276 si
384 246 468 276 aliud
488 245 644 286 quidpiam
665 246 745 276 nacti
765 257 869 277 sumus
888 246 1004 277 fortuiti

117 290 202 327 boni,
226 295 280 319 aut
294 288 467 329 depulimus
482 288 566 325 mali,
582 298 652 318 cum
668 288 737 318 Diis
751 289 861 328 gratias
872 290 1003 329 agimus,

118 338 186 362 tum
202 332 279 362 nihil
291 339 400 362 nostrae
411 331 495 361 laudi
510 336 679 360 assumtum
694 331 884 361 arbitramur.
916 332 1005 361 Num

118 375 199 415 quis,
232 374 315 415 quod
336 376 434 404 bonus
458 374 503 403 vir
528 378 614 410 esset,
637 373 748 413 gratias
772 374 840 404 Diis
864 374 925 414 egit
947 384 1006 404 un-

118 417 235 458 quam?
267 417 325 455 At,
349 417 430 457 quod
451 416 543 451 dives,
565 415 647 455 quod
664 416 838 454 honoratus,
861 416 943 457 quod
958 417 1006 446 in-

118 460 255 491 columis.
285 459 457 499 Jovemque
473 458 637 497 Optimum
652 464 681 488 et
696 458 874 489 Maximum
889 458 943 498 [ob
959 470 1008 490 eas

116 504 180 552 res]
202 502 367 544 appellant,
390 510 450 530 non
466 501 548 541 quod
563 510 617 530 nos
628 502 735 539 justos,
753 507 943 542 temperatOS,
960 513 1007 532 sa-

119 546 234 586 pientes
250 545 368 593 efficiat,
392 543 443 573 sed
463 543 545 583 quod
560 544 667 581 salvos,
688 544 864 592 incolumes,
881 545 1008 586 opulen-

119 595 176 625 tos,
200 588 342 628 copiosos.
376 586 487 626 Neque
511 586 639 616 Herculi
661 587 823 627 quisquam
848 587 1007 618 decumam

118 631 201 661 vovit
223 639 372 670 unquam,
395 629 419 659 si
441 628 558 669 sapiens
579 628 674 659 factus
692 636 775 659 esset.
807 629 1008 679 Quamquam

120 674 319 714 Pythagoras,
343 682 413 701 cum
436 671 466 701 in
489 672 653 711 geometria
673 672 819 712 quiddam
839 674 909 703 novi
924 674 1007 703 inve-

119 717 221 753 nisset,
247 714 347 745 Musis
363 716 469 744 bovem
485 714 657 744 immolasse
672 715 790 745 dicitur.
819 716 878 745 Sed
893 716 924 745 id
940 716 1008 756 qui-

119 759 189 789 dem
210 768 270 788 non
295 757 393 793 credo,
417 758 562 797 quoniam
586 757 637 787 ille
661 767 698 787 ne
722 758 862 798 Apollini
882 759 1006 799 quidem

120 801 211 832 Delio
231 800 362 830 hostiam
386 800 544 830 immolare
566 800 672 835 voluit,
695 811 734 830 ne
756 811 839 831 aram
862 801 1008 842 sanguine

121 844 320 885 adspergeret.
357 842 411 872 Ad
435 852 499 872 rem
523 848 625 872 autem
648 849 682 872 ut
704 844 835 880 redeam,
856 844 1006 883 judicium

119 888 177 917 hoc
192 886 331 917 omnium
346 885 521 915 mortalium
538 891 591 918 est,
615 885 769 916 fortunam
784 897 802 916 a
817 886 884 917 Deo
905 893 1009 927 peten-

120 930 204 967 dam,
221 940 239 959 a
251 939 281 959 se
296 929 360 968 ipso
376 928 555 958 sumendam
571 938 632 958 esse
645 929 831 969 sapientiam.
856 929 1007 967 Quamvis

120 973 190 1003 licet
210 971 311 1002 Menti
331 971 467 1004 delubra.
490 978 519 1000 et
539 971 666 1009 Virtuti,
689 978 717 1001 et
739 972 836 1010 Fidei,
857 983 1007 1003 consecre-

121 1026 211 1050 mus;
236 1020 338 1045 tamen
354 1014 418 1044 haec
438 1013 468 1043 in
489 1014 660 1054 nobisipsis
676 1014 731 1044 sita
753 1014 907 1045 videmus:
932 1016 1006 1056 spei,

122 1058 238 1094 salutis,
261 1057 338 1097 opis,
360 1056 500 1092 victoriae,
517 1056 642 1087 facultas
657 1067 675 1086 a
691 1056 758 1087 Diis
773 1059 939 1098 expetenda
955 1065 1007 1088 est.

122 1102 339 1141 Improborum
350 1099 442 1139 igitur
453 1099 661 1139 prosperitates
671 1100 868 1141 secundaeque
883 1112 928 1131 res
943 1101 1010 1131 red-

123 1149 256 1184 arguunt
272 1146 320 1177 (ut
335 1142 487 1183 Diogenes
508 1142 638 1179 dicebat)
652 1142 713 1172 vim
735 1153 857 1173 omnem
870 1143 1008 1174 Deorum

122 1198 157 1217 ac
172 1191 359 1227 potestatem.

165 1228 346 1260 XXXVII.
370 1227 416 1257 At
437 1238 657 1269 nonnunquam
673 1229 767 1258 bonos
783 1229 881 1259 exitus
895 1230 1008 1260 habent

123 1272 205 1304 boni.
238 1271 301 1301 Eos
325 1271 447 1311 quidem
473 1271 645 1310 arripimus,
670 1272 924 1312 attribuimusque
947 1273 1010 1303 sine

124 1315 189 1345 ulla
210 1314 324 1344 ratione
346 1313 413 1343 Diis
434 1313 663 1344 immortalibus.
696 1316 742 1344 At
758 1314 916 1354 Diagoras,
940 1325 1009 1345 cum

124 1356 363 1388 Samothraciam
376 1356 513 1392 venisset,
527 1357 644 1387 Atheos
659 1357 710 1386 ille
722 1358 775 1397 qui
787 1357 906 1394 dicitur,
919 1364 1011 1398 atque

125 1402 152 1432 ei
172 1399 297 1441 quidam
318 1399 442 1436 amicus,
468 1402 490 1416 ‘⁶
506 1399 569 1435 Tu,
594 1400 647 1440 qui
665 1399 747 1429 Deos
767 1406 855 1440 putas
875 1400 1011 1431 humana

124 1443 287 1484 negligere,
312 1452 410 1471 nonne
425 1441 648 1490 animadvertis,
672 1453 709 1472 ex
727 1448 771 1472 tot
787 1443 896 1473 tabulis
910 1443 1009 1484 pictis,

125 1497 219 1527 quam
235 1485 324 1514 multi
340 1485 415 1514 votis
431 1484 492 1514 vim
508 1485 692 1525 tempestatis
707 1485 877 1525 effugerint,
894 1486 924 1515 in
940 1497 1010 1526 por-

125 1536 255 1569 tumque
267 1527 340 1557 salvi
352 1527 572 1575 pervenerintP'
577 1529 584 1542 '
609 1530 630 1545 “
645 1528 694 1558 Ita
709 1527 776 1565 fit,⁷’
769 1509 909 1568 nunquit.
930 1530 952 1546 ‘⁴
965 1528 1010 1558 illi

128 1571 242 1611 [enim]
261 1580 411 1610 nusquam
426 1570 498 1610 picti
513 1577 594 1607 sunt,
618 1571 671 1611 qui
686 1570 843 1611 naufragia
863 1571 1009 1608 fecerunt,

128 1615 160 1645 in
177 1614 315 1653 marique
326 1613 488 1653 perierunt.
493 1613 512 1626 '³
546 1613 705 1653 Idemque,
730 1623 799 1643 cum
820 1613 846 1643 ei
859 1614 1012 1654 naviganti

126 1663 268 1692 vectores,
291 1655 415 1685 adversa
422 1661 607 1708 tempestate
623 1656 721 1686 timidi
740 1662 770 1686 et
784 1656 941 1704 perterriti,
965 1656 1011 1686 di-

127 1706 237 1736 cerent,
262 1708 322 1728 non
338 1698 449 1737 injuria
470 1698 526 1728 sibi
545 1699 622 1728 illud
643 1699 784 1735 accidere,
808 1699 861 1739 qui
875 1699 986 1728 illum
978 1709 1011 1728 m

128 1742 266 1773 eamdem
287 1750 394 1771 navem
419 1741 615 1782 recepissent;
639 1741 767 1772 ostendit
791 1741 832 1772 eis
851 1741 882 1772 in
906 1741 1011 1772 eodem

129 1795 218 1817 cursu
244 1784 356 1816 multas
381 1784 454 1816 alias
479 1784 667 1823 laborantes;
701 1784 908 1827 quaesivitque,
935 1794 1011 1816 num
