1226 1935
237 85 361 117 TUSC.
379 84 553 124 QUAEST.
571 84 650 114 Lm.
669 83 734 114 111.
752 82 837 113 Cn.
854 83 885 113 9.
950 81 1009 111 189

115 172 242 212 pellant,
255 172 287 202 id
296 177 351 209 est,
364 170 578 202 tantummodo
590 170 679 200 utiles
691 181 700 200 ε
725 174 756 199 at
767 167 844 198 illud
855 173 899 198 est
910 167 1011 197 latius.

117 216 254 246 Omnem
285 215 367 246 enim
398 214 624 251 abstinentiam,
651 222 774 243 omnem
795 211 1011 248 innocentiam,

118 261 202 298 (quae
217 258 300 299 apud
321 258 443 288 Graecos
465 257 613 288 usitatum
636 265 746 286 nomen
768 254 889 284 nullum
909 253 1011 290 habet,

116 301 168 330 sed
183 301 294 332 habere
309 306 408 342 potest
424 301 608 333 Αβλαβειανι
633 309 704 329 nam
722 304 765 328 est
780 296 951 327 innocentia
966 296 1012 325 af-

119 343 207 374 feetio
224 345 292 374 talis
307 344 412 381 animi,
426 354 497 384 quae
512 349 618 373 noceat
633 341 761 377 nemini)
774 340 905 380 reliquas
921 339 1012 369 etiam

119 386 255 425 virtutes,
272 387 429 428 frugalitas
441 386 583 417 continet·
616 386 697 423 Quae
712 384 769 414 nisi
786 389 870 413 tanta
885 388 971 419 esset,
986 387 1015 411 et

118 429 143 460 si
166 430 202 460 iis
228 430 386 471 angustiis,
409 430 520 470 quibus
544 429 681 470 plerique
705 432 825 468 putant,
850 431 1013 462 teneretur,

119 482 279 513 nunquam
296 479 372 503 esset
387 473 424 502 L.
444 472 562 503 Pisonis
586 481 754 512 cognomen
773 475 928 509 tantopere
948 469 1015 498 lau-

121 515 238 546 datum.
272 516 343 553 Sed,
366 516 439 557 quia
460 526 515 546 nec
539 515 604 556 qui,
621 520 743 556 propter
766 519 896 549 metum,
913 511 1016 552 praesi-

119 558 206 588 dium
234 559 367 600 reliquit,
385 559 469 600 quod
491 565 535 589 est
559 558 708 599 ignaviae;
733 567 787 587 nec
810 555 875 596 qui,
893 560 1015 596 propter

121 602 291 639 avaritiam,
320 602 399 632 clam
426 602 598 643 depositum
619 611 680 631 non
705 599 847 636 reddidit,
867 597 950 639 quod
972 603 1017 628 est

121 644 299 684 injustitiae3
324 655 379 675 nec
395 645 459 686 qui,
476 651 598 685 propter
620 644 833 677 temeritatem,
849 641 930 671 male
950 651 1015 671 rem

123 688 225 728 gessit,
242 688 325 729 quod
349 694 394 719 est
414 688 561 724 stultit-im,
584 687 665 728 frugi
692 685 838 728 appellari
863 685 957 720 solet3
982 694 1017 714 eo

124 737 184 763 tres
210 731 348 769 virtutes,
375 731 597 767 fortitudinem,
621 730 783 769 justitiam,
810 728 1016 769 prudentiam,

124 773 283 814 frugalitas
299 781 343 804 est
359 774 518 814 complexa
531 786 538 804 :
565 774 619 804 etsi
634 773 691 803 hoc
707 773 832 814 quidem
855 781 1018 801 commune

125 823 168 848 est
185 817 343 847 virtutum.
379 817 497 847 Omnes
514 817 595 847 enim
611 817 689 846 inter
704 827 734 847 se
749 826 836 845 nexa.»
857 820 886 844 et
903 815 1019 854 jugatae

125 866 205 891 sunt.
242 860 412 901 Reliquum
428 860 521 900 igitur
537 866 592 897 est,
617 866 726 900 quarta
741 858 836 888 virtus
851 864 886 887 ut
901 857 940 887 sit
954 857 1020 897 ipsa

125 902 293 943 frugalitas.
318 903 396 942 Ejus
418 903 499 933 enim
516 902 634 933 videtur
655 913 717 933 esse
732 901 902 942 proprium,
918 906 1021 930 motus

126 946 222 976 animi
237 946 406 986 appetentis
422 956 523 986 regere
539 952 568 976 et
585 946 698 983 sedare,
715 955 894 985 semperque
915 943 1022 973 adver-

124 995 242 1020 sautem
263 989 394 1027 libidini,
419 989 607 1019 moderatam
623 989 654 1018 in
670 988 754 1019 omni
769 999 801 1018 re
816 997 932 1018 servare
948 996 1020 1016 con-

123 1033 288 1063 stantiam:
319 1033 368 1063 cui
392 1032 576 1062 contrarium
604 1032 713 1062 vitium
738 1031 874 1072 nequitia
897 1030 1017 1060 dicitur.

124 1077 322 1115 1⁴¹1·ngalitas,
338 1082 373 1105 ut
388 1075 506 1116 opinor,
523 1086 541 1105 a
556 1076 671 1116 fruge,
696 1074 759 1116 qua
781 1074 858 1104 nihil
876 1073 987 1103 melius
1002 1083 1019 1103 e

125 1119 225 1149 terra:
251 1120 388 1159 nequitia
415 1119 483 1153 (etsi
505 1119 562 1148 hoc
585 1118 641 1148 erit
663 1118 787 1148 fortasse
813 1117 940 1147 durius:
967 1116 1018 1146 sed

124 1168 295 1192 tentemus:
320 1162 427 1192 lusisse
451 1168 606 1202 putemur,
624 1161 649 1191 si
670 1161 714 1193 nil
735 1161 785 1198 sit)
808 1162 845 1191 ab
868 1170 914 1197 eo,
936 1159 1020 1200 quod

124 1206 329 1245 nequidquam
345 1211 388 1236 est
403 1205 435 1234 in
451 1205 505 1235 tali
516 1204 660 1240 homine;
685 1215 723 1235 ex
739 1214 800 1245 quo
814 1203 908 1241 idem,
926 1204 1020 1233 nihile:

124 1247 243 1278 dicitur.
279 1248 345 1286 Qui
360 1248 398 1278 sit
417 1248 500 1289 frugi
514 1248 619 1290 igitur,
636 1247 695 1285 vel,
713 1247 737 1277 si
752 1247 860 1285 mavis,
881 1247 1020 1277 modera-

126 1297 175 1321 tus
197 1297 226 1322 et
245 1297 427 1332 temperans,
452 1301 522 1321 eum
538 1301 656 1321 necesse
672 1296 715 1321 est
731 1300 793 1321 esse
808 1296 995 1320 constantem
1009 1301 1020 1326 ;

126 1334 180 1375 qui
203 1341 306 1365 autem
329 1341 479 1371 constans,
497 1334 659 1375 quietum;
684 1334 738 1374 qui
753 1333 885 1374 quietus,
902 1339 1021 1374 pertur—

124 1378 245 1409 batione
269 1378 353 1409 omni
376 1388 526 1409 vacuum:
552 1388 622 1418 ergo
645 1377 737 1407 etiarn
761 1376 949 1416 aegritudine.
976 1377 1019 1407 Et

126 1427 197 1452 sunt
212 1421 265 1452 ina
280 1421 442 1462 sapientis:
467 1420 562 1451 aberit
574 1420 667 1460 igitur
683 1431 701 1450 a
716 1420 850 1460 sapiente
862 1420 1019 1460 aegritudo.

171 1464 231 1494 lx.
257 1464 367 1505 Itaque
383 1474 444 1497 non
459 1464 564 1494 inscite
588 1463 782 1493 Heracleotes
798 1462 966 1503 Dionysius
981 1463 1020 1493 ad

127 1517 162 1537 ea
177 1507 322 1547 disputat,
339 1518 408 1548 quae
418 1507 501 1547 apud
518 1507 692 1537 Homerum
707 1506 846 1536 Achilles
871 1507 1018 1546 queritur,

126 1550 193 1586 hoc,
211 1556 246 1580 ut
261 1550 378 1590 opinor,
395 1550 497 1588 modO,

171 1612 193 1626 “
212 1609 332 1650 Corque
346 1620 450 1639 meum
463 1609 583 1650 penitus
596 1609 738 1649 turgescit
754 1608 889 1639 tristibus
904 1608 967 1646 iris,

170 1653 252 1683 Cum
268 1652 373 1683 decore
388 1659 479 1694 atque
493 1653 579 1683 omni
594 1663 644 1682 me
659 1653 799 1682 orbatum
816 1651 907 1682 laude
922 1662 1019 1682 recor-

257 1695 345 1725 dor.’'

126 1767 214 1798 Num
234 1777 345 1799 manus
367 1767 473 1800 affecta
490 1774 568 1799 recte
588 1772 642 1806 est,
659 1777 731 1798 cum
752 1766 783 1796 in
806 1772 924 1797 tumore
946 1772 989 1797 est
1005 1767 1019 1797 ?
