1226 1935
182 82 241 114 190
292 83 416 115 TUSC.
433 84 606 123 QUAEST.
623 85 703 116 Lm.
720 84 786 117 ΙΙΙ.
805 85 890 117 CAP.
908 85 959 116 10.

176 174 230 198 aut
244 178 320 200 num
335 170 542 212 aliquodpiam
558 172 744 210 membrum,
755 171 910 202 tumidum
921 180 955 201 ac
969 169 1067 210 turgi-

177 211 264 249 dum,
278 222 338 243 non
354 214 458 244 vitiose
474 225 504 245 se
518 215 610 245 habet
621 217 635 246 Ρ
659 215 708 245 Sic
728 215 820 255 igitur
834 214 957 244 inflatus
973 219 1002 243 et
1017 219 1067 242 tu·-

176 264 263 285 mens
286 256 406 288 animus
420 257 452 287 in
475 258 547 288 vitio
563 264 616 288 est.
651 258 801 299 Sapientis
822 263 926 288 autem
946 256 1068 286 animus

177 307 296 338 semper
310 305 395 330 vacat
418 300 509 337 viti03
534 311 692 342 nunquam
718 301 882 342 turgescit3
907 308 1067 340 nunquam

176 346 283 371 tumet.
328 343 375 373 At
400 343 469 374 irati
493 344 613 375 animus
638 344 787 384 ejusmodi
813 350 876 374 est:
907 351 1067 383 nunquam

176 382 270 423 igitur
286 386 403 426 sapiens
417 387 562 417 irascitur.
588 388 672 417 Nam
688 388 712 417 si
728 387 875 424 irascitur,
889 386 979 416 etiam
996 394 1067 414 con-

139 442 142 443 *
176 427 317 467 cupiscit:
343 430 500 470 proprium
516 436 560 460 est
575 430 656 461 enim
672 430 751 468 irati,
768 440 887 470 cupere,
903 440 922 459 a
937 438 998 469 quo
1013 428 1066 457 lae-

177 480 227 500 sus
248 471 395 509 videatur,
415 473 442 502 ei
466 483 560 514 quam
583 474 756 503 maximum
780 473 914 503 dolorem
936 472 1065 501 inurere.

176 512 241 550 Qui
257 520 359 544 autem
375 515 406 545 id
421 516 616 556 concupierit,
630 527 701 546 eum
717 526 834 546 necesse
844 521 899 553 est,
913 515 937 544 si
951 514 983 544 id
996 523 1066 544 con-

175 562 295 587 secutus
311 558 359 595 sit,
376 568 560 599 magnopere
574 559 679 589 laetari.
712 558 763 589 Ex
779 569 839 599 quo
854 558 900 595 fit,
917 563 952 587 ut
967 557 1066 586 alieno

175 600 257 629 malo
279 601 429 640 gaudeat:
455 601 537 642 quod
557 602 703 642 quoniam
722 611 784 631 non
806 601 885 631 cadit
900 600 931 629 in
948 599 1066 640 sapien-

176 647 249 680 tem,
266 653 304 672 ne
319 649 353 673 ut
368 644 514 674 irascatur
528 645 652 685 quidem
668 644 757 675 cadit.
790 644 845 674 Sin
861 649 964 673 autem
980 642 1067 672 cade-

175 691 221 715 ret
236 685 267 715 in
283 687 449 727 sapientem
466 687 624 728 aegritudo,
647 688 765 718 caderet
780 687 870 717 etiam
885 685 1042 730 iracundia
1055 696 1064 715 ε

176 728 239 768 qua
254 730 399 769 quoniam
416 737 512 768 vacat,
537 731 715 771 aegritudine
735 730 826 760 etiam
849 729 975 760 vacabit.
1008 728 1066 758 Et-

174 771 268 809 enim,
277 772 300 801 si
311 773 428 813 sapiens
440 773 471 803 in
482 774 692 814 aegritudinem
705 773 834 803 incidere
846 778 955 813 posset,
967 776 1068 812 posset

175 814 266 844 etiam
277 815 309 845 in
322 816 557 847 misericordiam
571 828 580 853 ς
604 822 704 857 posset
715 817 746 846 in
759 815 965 846 invidentiam.
992 814 1065 844 Non

174 857 240 887 dixi
262 860 423 896 invidiam,
441 870 510 900 quae
525 866 592 890 tum
608 866 662 898 est,
680 870 750 890 cum
765 859 939 893 invidetuu
964 859 1002 887 ab
1018 857 1066 886 in-

175 900 305 931 videndo
320 908 422 932 autem
438 904 608 933 ‘invidentia
628 908 707 933 recte
727 902 786 932 dici
806 907 915 943 potest,
937 906 971 930 ut
989 900 1066 930 effu-

174 943 294 983 giamus
317 945 496 986 ambiguum
522 955 632 976 nomen
657 945 797 980 invidiae;
828 944 911 985 quod
937 944 1064 973 verbum

173 986 301 1017 ductum
328 994 372 1018 est
394 999 411 1018 a
436 989 526 1019 nimis
547 988 692 1019 intuendo
708 988 862 1019 fortunam
879 986 1013 1024 alterius,
1030 990 1065 1015 ut

175 1035 219 1059 est
234 1030 265 1059 in
282 1031 475 1072 Menalippo‚

217 1090 240 1106 “
257 1088 410 1127 Quisnam
426 1090 531 1121 florem
546 1091 676 1121 liberum
691 1089 800 1120 invidit
814 1088 918 1119 meum
930 1087 968 1118 ?''

173 1157 260 1189 Male
273 1159 383 1190 Latine
398 1160 528 1197 videtur,
545 1161 596 1191 sed
612 1161 764 1202 praeclare,
777 1160 910 1191 Accius:
935 1165 969 1191 ut
984 1159 1066 1190 enim

174 1202 285 1239 videre,
302 1203 343 1233 sic
358 1203 502 1240 invidere,
509 1206 624 1243 florem
639 1205 759 1242 rectius,
776 1214 869 1244 quam
876 1205 964 1243 flori.
998 1204 1065 1233 Nos

173 1246 390 1276 consuetudine
413 1247 631 1287 prohibemur:
656 1250 745 1289 poe'ta
766 1248 818 1287 jus
840 1256 931 1277 suum
955 1247 1063 1286 tenuit,

174 1293 204 1318 et
218 1288 296 1318 dixit
314 1290 467 1320 audacius.

216 1331 258 1362 X.
296 1332 387 1362 Cadit
406 1333 498 1373 igitur
513 1333 545 1363 in
561 1333 708 1364 eumdem
723 1339 752 1364 et
767 1332 913 1369 misereri,
935 1337 964 1362 et
987 1332 1066 1362 invi-

173 1374 242 1405 dere
256 1386 264 1405 :
282 1385 353 1405 nam
365 1376 417 1416 qui
430 1376 511 1406 dolet
524 1378 612 1407 rebus
627 1377 754 1416 alicujus
766 1376 907 1414 adversis,
919 1375 999 1406 idem
1011 1375 1067 1405 ali-

174 1419 261 1457 cujus
272 1419 362 1448 etiam
375 1419 512 1449 secundis
525 1419 657 1461 [dolet;]
669 1426 703 1450 ut
715 1419 955 1460 Theophrastus,
963 1418 1067 1448 interi-

177 1466 243 1490 tum
261 1461 419 1502 deplorans
436 1462 629 1493 Callisthenis
647 1463 756 1493 sodalis
778 1463 836 1501 sui,
857 1463 947 1492 rebus
967 1461 1066 1491 Alex-

173 1503 260 1533 andri
286 1505 434 1545 prosperis
460 1506 603 1546 angitur:
627 1506 730 1547 itaque
752 1506 824 1535 dicit
847 1505 1065 1535 Callisthenem

173 1546 311 1577 incidisse
334 1548 364 1577 in
390 1548 546 1579 hominem
567 1549 689 1579 summa
711 1548 857 1589 potentia,
883 1547 1066 1588 summaque

174 1589 307 1629 fortunii,
330 1591 380 1621 sed
399 1591 552 1631 ignarum,
569 1592 829 1633 quemadmodum
851 1593 939 1621 rebus
959 1600 1065 1621 secun-

174 1632 220 1663 dis
235 1633 280 1663 uti
292 1634 471 1665 conveniret.
494 1635 607 1676 Atqui,
624 1635 884 1676 quemadmodum
899 1633 1066 1663 misericor-

174 1675 225 1706 dia
248 1676 394 1717 aegritudo
409 1683 453 1707 est
468 1689 506 1708 ex
521 1679 643 1708 alterius
659 1680 748 1708 rebus
763 1677 905 1713 adversis,
922 1677 963 1707 sic
988 1676 1066 1706 invi-

174 1718 277 1749 dentia
302 1720 449 1760 aegritudo
476 1727 520 1751 est
542 1731 579 1751 ex
602 1722 724 1751 alterius
747 1722 836 1751 rebus
855 1719 1001 1750 secundis.
1028 1719 1066 1748 In

174 1772 266 1802 quem
277 1762 370 1804 igitur
378 1763 459 1795 cadit
469 1764 613 1803 misereri,
622 1764 653 1794 in
666 1763 808 1796 eumdem
820 1764 911 1794 etiam
923 1761 1065 1794 invidere.
