1226 1935
194 91 215 123 8
331 89 393 122 DE
416 91 615 132 FINIBUS,
629 91 709 123 Lm.
726 92 792 124 III.
811 92 895 124 CAP.
911 94 942 124 6.

192 175 300 219 primae
322 183 518 219 appetuntur,
539 179 638 209 multa
663 179 764 220 turpia
788 185 961 220 sequantur.
1000 179 1079 210 Satis

193 232 255 251 esse
271 226 372 250 autem
388 222 559 262 argumenti
575 222 703 259 videtur,
721 224 919 263 quamobrem
935 223 998 259 illa,
1011 233 1080 263 quae

192 264 302 293 natura
317 264 415 304 prima
430 271 501 294 sunt
523 264 645 301 adscita,
663 265 771 295 naturai
790 265 973 305 diligamus;
998 265 1080 306 quod

192 312 236 336 est
251 316 351 343 nemo,
369 307 455 348 quin,
472 318 542 337 cum
564 308 713 338 utrumvis
728 308 826 345 liceat,
843 314 928 348 aptas
943 308 1030 338 malit
1051 314 1080 338 et

191 349 322 389 integras
341 360 444 380 ornnes
464 356 563 391 partes
583 351 724 391 corporis,
748 361 841 391 quam
859 350 981 390 [eodem
1004 352 1077 392 usu]

191 391 369 423 imminutas
381 399 434 422 aut
450 393 579 423 detortas
594 393 713 423 habere.

236 436 353 465 Rerum
369 441 470 466 autem
487 436 670 476 cognitiones
692 437 763 473 (vel,
786 436 811 466 si
831 436 895 466 haec
915 437 1006 467 verba
1026 441 1079 467 aut

189 477 291 507 minus
314 478 434 518 placent
452 484 504 508 aut
527 479 628 509 minus
651 479 873 520 intelliguntur,
892 479 1080 513 καταληψεις

187 521 376 561 appellemus
393 521 474 558 licet)
492 533 540 551 eas
561 522 653 562 igitur
676 523 754 562 ipsas
775 528 896 562 propter
917 532 947 551 se
969 521 1079 551 adscis-

189 563 297 593 cendas
322 564 514 601 arbitramur,
541 565 629 613 quod.
652 565 783 594 habeant
810 564 956 605 quiddam
986 564 1017 593 in
1049 574 1079 594 se

188 606 275 646 quasi
296 608 491 647 complexum
507 613 536 637 et
552 608 706 637 continens
722 608 887 637 veritatem.
922 606 959 636 Id
975 614 1078 638 autem

188 648 219 678 in
244 650 343 689 parvis
368 650 496 690 intelligi
521 656 639 690 potest·
666 661 740 698 quos
764 649 904 680 delectari
928 649 1076 686 videmus,

188 691 279 721 etiam
296 692 320 722 si
336 703 440 722 eorum
457 693 534 722 nihil
550 692 677 731 intersit,
700 693 724 722 si
745 693 819 733 quid
838 692 951 722 ratione
972 702 1025 733 per
1048 702 1078 722 se

186 734 244 775 ipsi
266 745 343 764 11118
337 742 454 765 ierunt
493 736 585 766 Artes
604 736 694 766 etiam
710 736 790 776 ipsas
811 742 933 776 propter
949 745 978 765 se
995 745 1078 765 assu-

185 777 312 807 mendas
327 784 491 818 putamus;
516 789 585 808 cum
607 779 679 819 quia
700 779 737 808 sit
758 779 788 808 in
808 779 854 808 his
875 777 990 826 aliquid
1011 777 1078 817 dig-

186 829 263 850 num
284 821 478 859 assumtione,
497 828 562 851 tum
581 822 663 862 quod
685 828 820 852 constent
841 832 877 851 ex
900 820 1078 860 cognitioni-

185 864 253 899 bus,
272 869 300 893 et
309 865 481 894 contineant
494 864 639 905 quiddam
652 864 683 894 in
697 875 727 894 se
739 865 853 894 ratione
866 863 1076 900 constitutum,

185 911 215 935 et
230 906 287 936 via.
312 907 343 935 A
361 907 436 936 falsa
452 914 554 937 autem
570 908 738 937 assensione
753 907 850 947 magis
863 917 916 936 nos
932 906 1076 936 alienatos

185 959 258 986 esse,
276 960 368 990 quam
385 960 402 979 a
418 950 529 980 caeteris
545 951 633 980 rebus
649 961 717 991 quze
728 957 798 980 sunt
808 956 910 980 contra
922 955 1074 986 naturam,

184 991 376 1022 arbitramur.
401 993 475 1022 Jam
492 994 711 1030 membrorum,
729 993 760 1022 id
779 999 833 1030 est,
856 992 987 1033 partium
1012 1002 1077 1021 cor-

184 1034 276 1074 poriS,
302 1035 361 1064 alia
386 1035 525 1065 videntur
549 1043 670 1076 propter
694 1046 798 1066 eorum
822 1045 912 1065 usum
933 1045 950 1064 a
967 1034 1075 1064 natura

184 1087 246 1107 esse
262 1077 383 1115 donata,
401 1084 435 1107 ut
450 1088 571 1116 manus,
588 1089 684 1115 crura,
702 1079 803 1120 pedes,
820 1085 855 1108 ut
866 1089 911 1126 ea²
923 1088 992 1118 quae
1005 1082 1076 1107 sunt

183 1119 265 1150 intus
280 1120 310 1149 in
327 1131 459 1161 corpore,
477 1132 608 1162 quorum
625 1122 738 1151 utilitas
755 1128 868 1163 quanta
884 1121 932 1156 511,
946 1131 963 1150 a
979 1120 1076 1150 medi-

184 1162 226 1192 cis
242 1163 332 1193 etiam
349 1164 540 1204 disputatur:
566 1165 625 1194 3113
640 1171 742 1195 31118111
762 1165 879 1194 1111113111
901 1165 938 1193 ob
960 1163 1074 1193 utilita-

184 1211 256 1243 tem,
274 1207 360 1246 quasi
377 1207 414 1236 ad
434 1207 597 1247 quemdam
614 1214 766 1245 ornatum,
785 1214 819 1237 ut
834 1206 930 1237 cauda
950 1206 1072 1246 pavoni,

183 1249 298 1288 plumae
322 1250 509 1280 versicolores
536 1251 695 1288 columbis,
722 1251 791 1281 viris
818 1260 962 1280 mammae
982 1255 1074 1289 atque

184 1292 286 1321 barba.

227 1335 303 1364 Haec
325 1335 466 1365 dicuntur
487 1336 609 1366 fortasse
622 1336 776 1375 jejunius:
802 1341 872 1365 sunt
888 1335 969 1365 enim
986 1335 1073 1375 quasi

182 1377 282 1417 prima
298 1378 446 1407 elementa
462 1385 588 1415 naturae,
606 1379 716 1419 quibus
732 1380 852 1409 ubertas
868 1378 1008 1408 orationis
1021 1378 1074 1407 ad-

181 1420 278 1450 hiberi
295 1421 345 1450 vix
362 1427 477 1461 potest3
503 1432 557 1451 nec
573 1422 713 1462 equidem
730 1433 795 1452 eam
813 1421 911 1461 cogito
923 1427 1073 1451 consecta-

182 1462 216 1492 ri.
254 1463 486 1500 Verumtamen,
504 1475 573 1494 cum
590 1464 626 1495 de
642 1466 730 1494 rebus
745 1464 956 1504 grandioribus
978 1463 1071 1501 dicas,

181 1504 253 1545 ipsae
276 1517 320 1536 res
344 1508 434 1536 verba
460 1507 602 1547 rapiunt:
628 1508 670 1537 ita
696 1508 728 1537 fit
753 1518 822 1537 cum
849 1507 978 1547 gravior,
1005 1512 1072 1536 tum

182 1549 273 1578 etiam
289 1549 473 1590 splendidior
488 1550 590 1579 oratio.
617 1551 684 1587 Est,
702 1556 735 1579 111
746 1550 829 1585 (11(-15,
847 1550 972 1590 inquam
987 1560 994 1578 :
1021 1548 1072 1579 sed

181 1596 282 1621 tamen
299 1602 399 1629 0111118,
417 1593 497 1633 quod
519 1593 555 1622 de
572 1604 601 1622 re
617 1593 695 1623 boni:
712 1593 842 1622 dilucide
858 1592 978 1628 dicitur,
995 1592 1072 1621 mihi

180 1635 322 1674 praeclare
346 1635 404 1665 dici
431 1635 557 1665 videtur.
584 1636 759 1666 Istiusmodi
783 1642 884 1665 autem
910 1645 954 1665 res
974 1635 1071 1665 dicere

180 1683 284 1707 ornate
308 1678 395 1714 velle,
419 1679 534 1718 puerile
557 1685 620 1714 est;
646 1679 735 1719 plane
751 1685 853 1708 autem
870 1684 898 1708 et
914 1678 1071 1719 perspicue

180 1729 217 1749 ex
242 1720 321 1750 edire
337 1732 433 1761 posse,
450 1721 528 1751 docti
546 1727 574 1751 et
589 1722 783 1761 intelligentis
800 1721 864 1751 viri.

242 1763 282 1794 Ἰ.
307 1763 542 1806 Progrediamur
558 1764 661 1806 igitur,
678 1764 835 1807 quoniam,
851 1764 963 1806 inquit,
974 1765 1012 1795 ab
1023 1763 1070 1795 his
