1180 1935
157 71 218 103 DE
241 70 349 102 NAT.
366 69 502 103 DEOR.
521 71 599 101 Lm.
616 71 680 102 111.
697 71 780 103 Car.
796 72 848 102 24.
893 71 952 101 421

71 157 171 197 prima
191 162 279 188 natus
294 156 423 193 (licitum
446 156 604 194 secundus,
627 157 780 188 Mercurio
795 164 824 188 et
838 157 959 189 Venere

70 200 222 235 secundem
246 199 351 231 tertius
367 200 490 241 quidem
506 206 550 230 est
563 201 708 239 Anteros,
730 201 832 231 Marte
850 206 880 231 et
894 200 958 231 ve-

70 251 141 273 nere
156 243 253 273 tertia.

114 288 220 326 Atque
230 285 295 316 haee
307 285 442 326 quidem,
459 292 487 316 et
500 286 658 325 ejusmodi,
675 297 711 316 ex
724 291 821 317 vetere
832 285 957 316 Graeciae

70 327 153 358 fama
179 329 302 358 collecta
328 336 398 358 sunt
411 339 420 363 ς
453 329 563 370 quibus
589 329 731 369 intelligis
756 329 955 359 resistendum

69 380 142 407 esse,
167 381 205 401 ne
225 372 438 411 perturbentur
459 372 624 412 religiones.
650 372 750 402 Vestri
771 379 873 402 autem
894 381 955 401 non

69 414 160 444 modo
184 414 248 444 haec
268 424 328 444 non
349 414 501 451 refellunt,
526 425 631 445 verum
652 414 743 445 etiam
764 414 955 451 confirmant,

68 456 304 497 interpretando,
328 467 474 498 quorsum
496 458 630 499 quidque
650 457 806 498 pertineat.
841 457 901 488 Sed
921 467 956 487 eo

66 499 144 538 jam,
161 499 242 530 unde
257 500 317 530 huc
332 500 455 540 digressi
471 511 587 537 sumus,
603 507 798 531 revertamur.

111 542 240 573 XXIV.
258 543 344 572 Num
360 553 460 573 censes
474 543 567 583 igitur
582 543 736 573 subtiliore
752 542 866 572 ratione
880 552 956 583 opus

69 594 131 615 esse
146 585 184 615 ad
199 585 264 615 haec
279 585 466 616 reerenda?
490 596 562 616 nam
577 592 722 623 mentem,
739 585 842 623 fidem,
858 595 955 625 spem,

69 627 223 666 virtutem,
240 628 397 664 honorem,
414 629 580 665 victoriam,
598 628 737 665 salutem,
754 628 955 666 concordiam,

68 677 233 712 caeteraque
249 671 408 710 ejusmodi,
422 681 521 701 reruni
538 671 599 701 vim
611 671 720 701 habere
733 671 880 708 videmus,
894 680 955 701 non

70 713 218 744 Deorum.
255 715 325 744 Aut
351 714 432 744 enim
456 714 487 743 in
512 714 662 744 nobismet
684 714 788 744 insunt
811 714 894 754 ipsis,
921 719 957 743 ut

68 766 165 794 mens,
188 762 222 787 ut
236 756 321 794 fides,
338 763 373 786 ut
388 767 465 797 spes,
482 762 516 786 ut
531 757 635 794 virtus,
652 762 686 786 ut
701 757 878 792 concordia;
902 762 956 786 aut

68 800 209 840 optandae
229 800 315 830 nobis
336 806 416 835 sunt,
434 806 468 830 ut
482 799 588 837 honos,
605 806 640 829 ut
654 799 745 837 salus,
762 806 796 830 ut
812 799 955 835 victoria3

69 853 199 883 quarum
216 853 316 872 rerum
331 842 461 872 utilitate
474 842 558 873 video
570 843 660 872 etiam
676 848 845 873 consecrata
860 842 955 872 simu-

68 886 158 916 lacra.
188 886 291 923 Quare
315 891 416 915 autem
441 885 472 915 in
493 885 540 915 his
561 886 606 916 vis
627 885 764 916 Deorum
786 885 867 923 insit,
888 891 955 915 tum

68 929 248 969 intelligam,
265 938 333 958 cum
350 938 524 968 cognovero.
548 928 621 966 Quo
635 928 666 958 in
681 938 789 969 genere
804 929 851 958 vel
867 938 954 958 max-

68 972 130 1001 ime
149 978 193 1002 est
214 972 350 1002 Fortuna
364 971 562 1009 numeranda,
587 982 679 1012 quam
695 982 784 1002 nemo
799 973 838 1001 ab
852 971 956 1001 incon-

68 1015 179 1045 stanti&
199 1020 228 1045 et
243 1015 410 1045 temeritate
431 1015 587 1055 sejunget;
612 1025 680 1056 quae
695 1015 788 1055 digna
802 1020 879 1045 certe
894 1024 955 1045 non

69 1064 139 1087 sunt
155 1058 231 1088 Deo.

112 1101 135 1131 J
137 1111 187 1131 am
203 1111 272 1131 vero
293 1101 367 1142 quid
388 1112 439 1132 vos
454 1102 506 1132 illa
521 1101 648 1132 delectat
663 1101 823 1142 explicatio
838 1101 957 1131 fabula-

69 1153 150 1181 rum,
174 1149 203 1174 et
224 1144 361 1175 enodatio
381 1145 567 1176 nominum?
591 1152 744 1175 exsectum
765 1156 782 1174 a
802 1145 864 1174 filio
889 1144 956 1174 Coe-

68 1186 148 1224 lum,
165 1187 300 1217 vinctum
315 1188 419 1218 itidem
432 1199 449 1218 a
461 1188 523 1218 filio
535 1189 712 1218 Saturnum.
747 1188 835 1225 Haec,
853 1193 882 1217 et
897 1187 957 1217 alia

69 1229 186 1269 generis
207 1230 353 1269 ejusdem,
376 1231 419 1260 ita
444 1231 614 1267 defenditis,
637 1237 672 1261 ut
686 1231 707 1260 ii
722 1231 776 1272 qui
790 1230 847 1261 ista
862 1230 958 1260 finxe-

69 1279 152 1310 runt,
165 1283 226 1303 non
237 1273 328 1304 modo
340 1284 400 1304 non
415 1274 524 1312 insani,
538 1274 589 1304 sed
601 1274 691 1304 etiam
706 1273 798 1304 fuisse
809 1273 958 1314 sapientes

69 1315 237 1346 videantur.
276 1317 315 1346 In
342 1317 505 1347 enodandis
531 1324 633 1347 autem
659 1317 844 1353 nominibus,
876 1315 958 1356 quod

69 1358 276 1389 miserandum
288 1360 336 1397 sit,
352 1360 503 1390 laboratis.
538 1362 698 1397 Saturnus,
714 1360 787 1400 quia
798 1370 828 1389 se
844 1364 958 1389 saturat

70 1401 177 1437 annis;
202 1402 339 1438 Mavors,
356 1403 428 1444 quia
442 1413 555 1444 magna
574 1403 681 1439 vertit;
706 1403 860 1439 Minerva,
884 1401 957 1442 quia

70 1444 193 1483 minuit,
217 1451 270 1475 aut
293 1445 366 1486 quia
387 1446 543 1483 minatur;
572 1446 690 1484 Venus,
719 1446 791 1486 quia
815 1445 896 1475 venit
919 1444 958 1474 ad

69 1487 193 1523 omnia;
218 1488 318 1524 Ceres,
335 1490 353 1518 a
366 1489 505 1529 gerendo.
533 1489 638 1527 Quam
652 1488 819 1529 periculosa
833 1497 958 1518 eonsue-

71 1530 164 1560 tudo!
189 1531 221 1560 in
243 1532 349 1562 multis
373 1532 454 1562 enim
478 1533 653 1562 nominibus
676 1531 836 1561 haerebitis.
872 1529 958 1567 Quid

70 1573 180 1612 Vejovi
195 1573 284 1604 facies
295 1577 308 1604 Ρ
325 1574 399 1615 quid
415 1574 578 1605 Vulcano?
595 1584 795 1616 quamquam,
812 1573 958 1614 quoniam

71 1615 254 1656 Neptunum
274 1627 292 1646 a
312 1617 411 1647 nando
431 1619 617 1659 appellatum
638 1623 737 1658 putas,
761 1617 882 1646 nullum
902 1615 957 1646 erit

70 1667 193 1697 nomen,
217 1660 299 1700 quod
314 1670 374 1690 non
389 1661 483 1700 possis
505 1661 567 1691 una
585 1661 672 1691 litera
694 1660 853 1701 explicare,
876 1657 958 1689 unde

70 1700 197 1732 ductum
217 1702 264 1732 sit.
298 1703 336 1733 In
360 1713 421 1744 quo
442 1704 566 1745 quidem
586 1703 684 1744 magis
703 1710 736 1733 tu
758 1702 834 1733 mihi
855 1706 958 1733 natare

71 1743 152 1774 visus
172 1755 213 1782 es,
230 1756 323 1786 quam
339 1746 402 1787 ipse
418 1747 591 1790 Neptunus.
614 1747 767 1787 Magnam
787 1744 956 1778 molestiam

113 1788 263 1828 (Philas.)
287 1797 369 1822 von.
388 1798 445 1822 111.
640 1791 660 1821 2
677 1798 698 1822 o
