1226 1935
237 63 360 96 TUSC.
377 64 549 103 QUAEST.
568 64 646 94 Lm.
665 64 710 95 ΙΙ.
736 64 819 96 CAP.
841 64 889 96 19.
949 63 1005 100 171

123 149 311 190 interpellem
323 152 337 181 Ρ
360 160 398 180 ne
413 150 469 181 hoc
484 149 607 191 quidem
625 150 733 180 vellem
745 161 753 180 :
778 150 821 180 ita
835 160 885 180 me
899 149 938 180 ad
950 160 1013 180 cre-

124 192 258 223 dendum
278 199 332 224 tua
351 193 435 224 ducit
449 193 553 224 oratio.
577 194 721 223 Marcus.
739 193 824 223 Sitne
838 193 932 233 igitur
946 203 1013 223 ma-

124 235 191 265 lum
211 236 321 273 dolere,
346 246 449 273 necne,
475 236 568 266 Sto'ici
591 236 730 272 viderint,
759 236 812 276 qui
836 236 1012 266 contortulis

124 278 307 318 quibusdam
324 290 357 309 ac
372 279 498 309 minutis
510 279 772 315 conclusiunculis,
785 289 839 308 nec
855 279 893 308 ad
909 288 1012 309 sensus

122 322 382 360 permanantibus,
401 322 477 352 effici
496 323 612 358 volunt,
636 331 695 351 non
718 332 779 351 esse
794 322 911 351 malum
927 321 1012 351 dolo-

123 373 196 393 rem.
221 364 290 405 Ego
305 365 392 402 illud,
409 365 559 406 quidquid
575 365 623 402 sit,
638 371 757 395 tantum
773 374 846 401 esse,
860 370 1010 405 quantum

123 406 270 444 videatur,
293 418 353 437 non
374 415 467 448 puto:
492 408 629 448 falsaque
650 408 715 446 ejus
736 407 850 437 visione
871 413 900 437 et
916 407 1012 447 specie

121 450 235 479 moveri
247 450 383 481 homines
396 451 462 481 dico
474 450 692 488 vehementius,
705 450 900 490 doloremque
914 449 1011 491 [ejus]

119 502 242 522 omnem
264 504 326 523 esse
347 494 544 524 tolerabilem.
583 493 674 523 Unde
695 493 788 533 igitur
808 493 932 524 ordiar?
956 493 1011 523 An

118 535 225 565 eadem
240 536 368 566 breviter
383 537 543 577 attingam,
561 547 629 577 quae
649 536 741 567 modo
762 535 838 574 dixi,
862 546 923 577 quo
938 535 1011 566 faei-

118 577 177 608 lius
192 579 286 609 oratio
301 579 441 620 progredi
455 579 548 620 possit
562 579 682 619 longius
695 581 708 610 Ρ

162 621 247 651 Inter
270 632 374 653 omnes
398 622 492 663 igitur
511 622 568 653 hoc
592 628 718 661 constat,
746 631 801 652 nec
827 621 929 652 doctos
954 621 1010 652 ho-

117 664 215 695 mines
235 665 346 701 solum,
369 665 420 695 sed
441 665 531 695 etiam
552 665 698 703 indoctos,
721 665 855 695 virorum
871 675 933 695 esse
947 665 1009 695 for-

117 707 208 745 tium,
233 714 263 738 et
276 708 555 749 magnanimorum,
573 715 602 738 et
619 708 812 749 patientium,
829 714 859 738 et
873 707 1010 738 humana

118 750 316 789 vincentium,
333 752 494 781 toleranter
510 752 643 781 dolorem
659 751 732 792 pati.
756 751 788 781 N
792 762 824 781 ec
839 761 910 782 vero
925 751 1009 792 quis-

119 803 213 833 quam
233 793 302 831 fuit,
320 794 373 834 qui
388 804 470 831 eum,
487 794 541 834 qui
555 794 598 824 ita
618 800 781 835 pateretur,
798 803 859 824 non
880 794 1008 825 laudan-

117 836 193 866 dum
205 842 334 876 putaret.
365 837 458 874 Quod
474 847 544 877 ergo
560 844 589 867 et
604 838 774 877 postulatur
789 848 807 866 a
822 837 962 875 fortibus,
979 843 1009 868 et

114 879 256 909 laudatur
279 890 348 909 cum
372 880 418 918 fit,
439 880 471 910 id
496 886 549 909 aut
570 880 763 910 extimescere
793 880 925 919 veniens,
954 885 1007 911 aut

115 931 177 952 non
192 922 268 953 ferre
283 932 424 963 praesens,
441 932 542 953 nonne
553 928 641 963 turpe
654 925 722 954 est?
745 923 846 963 Atqui
863 923 940 960 vide,
954 933 1003 962 ne,

112 975 184 996 cum
209 975 313 996 omnes
332 972 421 997 rectae
444 966 539 996 animi
559 966 729 997 affectiones
751 968 881 996 virtutes
902 967 1007 1007 appel-

112 1008 226 1047 lentur,
249 1018 310 1039 non
331 1010 370 1039 sit
390 1009 446 1040 hoc
466 1009 623 1050 proprium
642 1019 753 1039 nomen
769 1009 928 1039 omnium:
953 1009 1005 1039 sed

111 1052 150 1081 ab
166 1052 212 1089 ea,
235 1062 303 1092 quae
318 1063 380 1082 una
395 1052 506 1083 caeteris
527 1053 702 1089 excellebat,
719 1062 825 1082 omnes
840 1052 1005 1083 nominatae

110 1095 181 1124 sint.
204 1096 371 1135 Appellata
387 1101 431 1126 est
446 1095 525 1125 enim
543 1106 580 1126 ex
597 1098 664 1126 viro
680 1097 802 1125 virtus:
827 1095 884 1125 viri
899 1101 1003 1125 autem

109 1138 231 1178 propria
253 1138 387 1169 maxime
414 1144 458 1169 est
484 1138 648 1169 fortitudo:
673 1139 760 1178 cujus
785 1148 914 1168 munera
940 1138 1004 1169 duo

109 1186 180 1210 sunt
200 1181 346 1218 maxima,
368 1182 473 1212 mortis
497 1181 668 1223 dolorisque
693 1181 864 1212 contemtio.
903 1181 1003 1212 Uten-

109 1223 185 1253 dum
202 1230 245 1254 est
260 1224 353 1264 igitur
367 1224 424 1262 his,
442 1225 465 1255 si
481 1224 599 1255 virtutis
615 1232 779 1265 compotes,
796 1225 844 1255 vel
858 1224 959 1265 potius
975 1225 999 1254 si

108 1266 175 1302 viri,
192 1267 333 1298 volumus
348 1277 421 1306 esse,
438 1267 585 1309 quoniam
599 1279 618 1298 a
633 1268 703 1299 viris
718 1268 813 1299 virtus
828 1277 940 1298 nomen
957 1273 1001 1298 est

106 1316 257 1339 mutuata.

148 1352 244 1382 XIX.
269 1352 395 1391 Quaeres
414 1353 550 1390 fortasse,
572 1364 634 1394 quo
649 1353 760 1383 modo:
786 1359 815 1383 et
830 1359 928 1384 recte:
953 1358 998 1384 ta-

105 1395 167 1425 lem
188 1395 270 1425 enim
291 1396 473 1426 medicinam
493 1396 685 1437 philosophia
700 1396 867 1437 profitetur.
902 1397 998 1426 Venit

105 1437 269 1479 Epicurus,
293 1438 385 1469 homo
400 1439 526 1469 minime
542 1440 653 1477 malus,
677 1439 725 1469 vel
743 1439 844 1480 potius
860 1439 905 1469 vir
920 1440 999 1480 opti-

105 1491 195 1511 must
221 1487 341 1511 tantum
363 1488 477 1520 monet,
504 1488 656 1523 quantum
682 1482 845 1522 intelligit:
872 1484 894 1499 “
911 1482 940 1512 N
946 1493 998 1523 eg-

105 1524 199 1564 lige,'’
223 1524 334 1565 inquit,
361 1527 383 1543 “
393 1524 561 1555 dolorem.’'
595 1525 675 1563 Quis
695 1525 752 1555 hoc
773 1525 870 1555 dicit?
896 1525 996 1564 Idem,

105 1568 159 1608 qui
171 1567 305 1597 dolorem
319 1577 476 1598 summum
488 1568 615 1598 malum.
651 1567 716 1599 Vix
731 1568 801 1598 satis
817 1574 996 1598 constanter.

103 1611 290 1640 Audiamus.
324 1614 346 1628 “
359 1611 393 1641 Si
416 1621 555 1641 summus
570 1611 655 1641 dolor
671 1612 749 1649 est‚’'
773 1611 884 1652 inquit,
910 1613 932 1628 ‘⁶
945 1621 998 1641 ne-

102 1663 181 1684 cesse
196 1659 240 1683 est
251 1654 373 1683 brevem
386 1654 480 1684 esse.'’
514 1654 694 1685 Iterandum
710 1654 814 1684 eadem
829 1654 886 1684 ista
897 1654 995 1684 mihi:

103 1706 164 1726 11011
180 1696 262 1727 enim
283 1697 353 1727 satis
373 1697 521 1737 intelligo,
545 1697 620 1738 quid
640 1707 797 1727 summum
820 1697 901 1727 dicas
922 1707 995 1734 esse,

100 1739 175 1779 quid
186 1741 285 1771 breve.
298 1741 320 1758 ‘⁴
329 1740 505 1781 Summum,
514 1750 576 1782 quo
587 1740 663 1771 nihil
676 1740 715 1771 sit
727 1739 879 1781 superius:
892 1741 994 1780 breve,
