1226 1935
237 73 360 105 TUSC.
378 74 550 114 QUAEST.
569 74 647 105 Lm.
665 75 691 105 Ι.
709 75 792 105 Cim
809 75 861 105 30.
932 75 993 105 133

110 159 264 197 discessus,
291 166 321 190 et
346 161 468 191 secretio
493 171 527 191 ac
551 160 697 191 diremtus
721 171 824 191 earum
849 161 995 201 partium,

109 213 189 242 quae,
206 209 275 233 ante
290 203 456 239 interitum,
470 204 625 242 junctione
641 204 743 244 aliqua
759 204 946 234 tenebantur.

156 245 215 275 His
240 252 269 276 et
292 246 403 276 talibus
425 247 590 276 rationibus
612 246 770 283 adductus,
794 247 928 277 Socrates
944 256 999 276 nec

111 294 273 328 patronum
290 289 428 329 quaesivit
443 289 480 319 ad
493 289 642 328 judicium
653 289 768 330 capitis,
782 299 836 319 nec
845 289 999 328 judicibus

111 331 240 371 supplex
256 331 336 362 fuit:
361 332 560 373 adhibuitque
577 332 704 362 liberam
726 332 958 367 contumaciam,
982 342 1000 361 a

110 374 320 413 magnitudine
335 375 430 404 animi
444 375 578 412 ductam,
595 385 654 405 non
679 386 696 404 a
718 375 858 416 superbiit
872 386 879 404 ε
905 381 934 404 et
949 384 999 404 su-

112 426 217 456 premo
233 417 302 447 vitae
313 417 372 455 die,
389 417 426 447 de
441 418 497 448 hoc
512 418 576 458 ipso
592 418 690 448 multa
699 418 856 453 disseruit3
882 423 911 448 ct
923 428 999 458 pau-

111 458 151 488 cis
168 465 236 490 ante
252 460 367 497 diebus,
385 471 455 490 cum
476 461 563 491 facile
584 467 683 501 posset
704 460 789 490 educi
812 471 828 491 e
852 460 998 495 custodia,

111 501 208 532 noluit
221 514 229 532 z
255 510 284 533 et
299 513 368 533 cum
384 514 469 544 paene
482 504 514 533 in
530 513 622 533 manu
637 505 701 543 jam
717 504 906 534 mortiferum
923 502 999 532 illud

114 550 227 575 teneret
241 547 397 586 poculum,
414 547 531 577 locutus
551 547 593 576 ita
608 552 662 583 est,
679 552 714 576 ut
729 556 789 576 non
812 546 850 576 ad
870 552 1000 576 mortem

114 587 206 625 trudi,
224 599 328 618 verum
344 590 375 619 in
391 590 499 620 coelum
515 590 664 620 videretur
680 589 866 620 adscendere.

154 629 264 661 XXX.
290 632 340 662 Ita
357 633 438 662 enim
459 634 608 669 censebat,
625 632 741 673 ita-que
756 632 906 668 disseruit,
924 631 1000 661 duas

114 683 175 703 esse
201 674 274 710 vias,
298 675 492 716 duplicesque
516 686 620 706 cursus
643 676 814 705 animorum
839 686 857 705 a
882 684 1004 715 corpore

114 717 344 748 excedentium:
369 728 453 755 nam,
471 719 524 758 qui
539 729 569 748 se
590 718 732 748 humanis
753 718 832 748 vitiis
856 717 999 748 contami-

112 760 275 797 navissent,
292 766 321 790 et
337 771 367 791 se
382 768 459 791 totos
476 761 653 791 libidinibus
676 761 868 797 dedidissent,
891 761 1004 801 quibus

113 803 226 840 caecati,
243 804 289 833 vel
304 803 474 834 domesticis
489 804 567 834 vitiis
581 810 672 844 atque
687 804 807 843 flagitiis
819 814 850 834 se
861 803 1002 844 inquina-

114 845 234 883 vissent,
255 846 302 876 vel
322 847 477 887 republica
499 847 640 877 violanda
661 847 782 877 fraudes
806 846 1005 887 inexpiabiles

115 889 328 929 concepissent,
355 890 390 919 iis
417 890 539 920 devium
560 889 715 930 quoddam
737 890 793 919 iter
813 900 885 927 esse,
910 889 1005 919 seclu-

115 941 183 961 sum
199 941 217 961 a
232 932 356 962 concilio
376 932 512 962 Deorum
526 944 533 962 ε
559 932 612 973 qui
631 938 732 962 autem
749 943 779 962 se
795 933 926 973 integros
942 941 1005 962 cas-

115 979 220 1014 tosque
244 975 449 1013 servavissent,
469 976 641 1016 quibusque
659 975 763 1005 fuisset
784 975 913 1005 minima
933 984 1005 1005 cum

115 1018 288 1057 corporibus
304 1018 452 1058 contagio,
469 1029 591 1059 seseque
609 1019 647 1048 ab
667 1018 715 1048 his
734 1028 851 1059 semper
872 1018 1006 1048 sevocas-

117 1066 192 1095 sent,
210 1066 367 1101 essentque
385 1062 416 1091 in
440 1062 613 1102 corporibus
628 1061 771 1091 humanis
786 1061 879 1091 vitam
895 1060 1007 1090 imitati

118 1101 254 1133 Deorum
268 1114 277 1139 ;
302 1104 348 1134 his
361 1104 399 1134 ad
413 1105 492 1142 illos,
509 1115 527 1134 a
543 1104 654 1145 quibus
664 1110 760 1134 essent
774 1104 911 1144 profecti,
928 1103 1006 1133 redi-

119 1151 186 1176 tum
202 1146 320 1177 facilem
336 1153 445 1188 patere.
471 1147 581 1188 Itaque
596 1153 823 1184 commemorat,
841 1153 876 1177 ut
895 1146 1006 1187 cycnis,

119 1189 188 1229 (qui
199 1199 259 1219 non
276 1190 339 1220 sine
354 1191 444 1220 causa
453 1190 595 1231 Apollini
604 1190 694 1220 dicati
704 1190 774 1228 sint,
782 1189 833 1220 sed
841 1190 922 1230 quod
928 1191 965 1220 ab
973 1199 1009 1219 eo

119 1231 334 1263 divinationem
349 1233 459 1263 habere
474 1233 644 1271 videantur,
655 1233 716 1274 qua
732 1233 922 1274 providentes
933 1231 1009 1273 quid

117 1274 148 1304 in
165 1282 260 1305 morte
275 1276 346 1306 boni
359 1276 406 1313 sit,
424 1287 494 1306 cum
506 1282 597 1306 cantu
610 1282 639 1306 et
657 1277 812 1317 voluptate
824 1276 1006 1312 moriantur)

119 1317 160 1347 sic
176 1318 317 1349 omnibus
333 1325 362 1349 et
376 1319 463 1349 bonis
479 1325 507 1349 et
525 1320 619 1350 doctis
642 1329 704 1349 esse
723 1319 905 1350 faciendum.
940 1319 1008 1349 Nec

118 1370 187 1390 vero
197 1361 234 1391 de
246 1361 302 1392 hoc
312 1362 474 1403 quisquam
484 1362 623 1392 dubitare
632 1368 742 1403 posset,
761 1362 819 1392 nisi
828 1362 908 1392 idern
919 1362 1007 1391 nobis

119 1403 275 1441 accideret,
292 1404 449 1445 diligenter
465 1405 502 1435 de
517 1406 619 1435 animo
637 1405 850 1445 cogitantibus,
867 1404 950 1446 quod
972 1404 1009 1434 iis

121 1456 198 1486 saepe
214 1458 271 1477 usu
283 1448 375 1482 venit,
392 1448 445 1489 qui
461 1459 530 1478 cum
543 1448 648 1478 acriter
656 1448 750 1478 oculis
760 1448 946 1478 deficientem
961 1457 1009 1477 so-

120 1488 181 1519 lem
191 1489 388 1528 intuerentur,
399 1497 434 1521 ut
445 1491 619 1532 adspectum
630 1491 754 1521 omnino
763 1491 935 1521 amitterent
947 1501 956 1526 ς
968 1490 1010 1520 sic

120 1533 231 1563 mentis
246 1533 332 1570 acics,
347 1534 473 1574 seipsam
483 1535 614 1570 intuens,
623 1544 844 1575 nonnunquam
854 1533 986 1564 hebescit
997 1543 1007 1568 ;

122 1575 161 1604 ob
177 1585 305 1616 eamque
320 1587 441 1607 causam
456 1577 681 1618 contemplandi
692 1577 880 1618 diligentiam
896 1576 1012 1606 amitti-

121 1627 200 1647 mus.
247 1619 355 1660 Itaque
384 1619 537 1658 dubitans,
569 1621 829 1661 circumspectans,
856 1619 1009 1655 haesitans,

121 1661 220 1691 multa
234 1661 357 1692 adversa
379 1661 572 1704 [revertens,]
590 1669 748 1704 tamquam
766 1662 870 1704 [ratis]
887 1662 918 1692 in
934 1660 1012 1692 mari

122 1703 282 1741 immenso,
297 1711 400 1735 nostra
414 1706 533 1737 vehitur
547 1706 650 1737 oratio.

166 1748 314 1785 (Philas.)
332 1756 414 1779 von.
432 1757 490 1779 111.
725 1757 749 1779 N
