1226 1935
209 95 269 126 120
335 96 457 128 TUSC.
476 96 647 135 QUAEST.
666 97 743 128 Lm.
763 97 789 127 1.
814 96 897 127 CAP.
917 97 965 131 17.

207 180 245 211 de
260 182 387 212 animis:
393 183 406 223 ]
424 183 485 221 sed,
503 183 585 224 quod
599 183 692 213 literis
711 188 807 213 exstet
826 182 991 223 proditum,
1004 180 1095 210 Phe-

207 224 328 265 recydes
347 226 452 266 Syrius
471 226 606 266 primum
622 226 710 263 dixit,
727 227 842 256 animos
857 225 1017 255 hominum
1033 232 1096 253 esse

208 268 425 307 sempiternos:
451 269 593 309 antiquus
616 280 706 305 sane3
731 268 790 298 fuit
815 268 908 305 enirn,
935 277 1003 297 meo
1029 276 1096 305 reg-

208 316 299 340 nante
314 311 427 350 gentili.
464 312 554 342 Hanc
575 312 747 353 opinionem
768 311 933 352 discipulus
953 311 1017 349 ejus
1034 308 1096 348 Py-

206 352 347 393 thagoras
373 355 507 385 maxime
533 355 740 389 confirmavit;
771 354 824 395 qui
850 364 931 390 cum,
961 352 1097 392 Superbo

208 402 362 436 regnante,
386 397 417 426 in
435 398 556 427 Italiam
573 398 710 434 venisset,
727 398 824 427 tenuit
846 397 995 437 Magnam
1011 395 1096 424 illam

211 438 361 469 Graeciam
377 450 447 470 cum
462 440 575 471 honore
590 441 766 481 disciplinae,
779 446 845 470 tum
863 440 953 469 etiam
969 436 1098 468 auctori-

210 486 290 512 tate:
315 483 474 524 multaque
490 484 598 513 saecula
613 490 715 523 postea
730 483 770 513 sie
786 483 882 522 viguit
895 482 1099 523 Pythagoreo-

210 534 278 554 rum
295 535 417 562 nomen,
434 532 470 555 ut
484 527 561 556 nulli
577 526 628 556 alii
644 526 723 556 docti
738 525 917 555 viderentur.

253 567 366 598 XVII.
392 568 451 599 Sed
467 569 554 599 redeo
567 569 605 598 ad
617 569 765 609 antiquos.
801 568 963 598 Rationem
976 567 1020 596 illi
1033 575 1099 596 sen-

209 610 310 640 tentiae
326 621 387 641 suae
403 621 463 641 non
480 612 541 641 fere
556 611 732 649 reddebant,
752 611 809 640 nisi
825 610 899 651 quid
915 615 977 640 erat
992 619 1099 639 nurne-

210 653 249 683 ris
271 660 324 683 aut
348 654 595 694 descriptionibus
619 654 842 695 explicandum.
873 653 1032 683 Platonem
1057 651 1100 681 fe-

210 702 293 730 runt,
307 702 341 726 111
355 697 559 737 Pythagoreos
572 702 770 738 cognosceret,
787 696 818 726 in
836 696 957 726 Italiam
973 694 1098 731 venisse,

212 744 242 768 et
256 738 392 769 didicisse
409 722 737 780 Pythagorea⁰01nn123
761 739 957 780 primumque
978 738 1015 767 de
1035 737 1100 767 ani-

211 791 333 812 morum
357 783 521 813 aeternitate
544 793 605 813 non
632 784 730 813 50111111
755 782 878 812 sensisse
902 782 994 819 idem,
1019 779 1101 820 quod

212 824 431 865 Pythagoram,
456 826 507 856 sed
530 826 677 856 rationem
703 825 793 856 etiam
817 825 969 854 attulisse:
995 833 1099 864 quam,

211 867 269 897 nisi
285 868 359 908 quid
374 868 458 906 dicis,
475 869 760 909 praetermittamus3
778 873 807 898 et
818 868 896 897 hanc
908 873 1003 897 totam
1016 875 1101 906 spem

212 910 447 941 immortalitatis
462 911 679 952 relinquamus.

256 954 400 983 Auditor.
423 954 475 983 An
498 960 543 989 tu,
566 965 636 984 011111
658 965 707 985 me
725 954 756 983 in
773 964 926 984 summam
948 958 1102 993 exspecta-

212 996 326 1026 tionem
342 996 514 1034 adduxeris,
528 997 637 1027 deseris
648 999 662 1028 ⁴?
686 997 807 1034 Errare,
821 996 1003 1033 mehercule,
1020 995 1103 1025 malo

213 1049 283 1069 cum
301 1039 428 1069 Platone
445 1042 549 1080 (quem
566 1046 599 1070 tu
617 1040 722 1081 quanti
743 1040 845 1076 facias,
867 1039 937 1076 scio,
960 1043 988 1068 et
1009 1048 1102 1079 quem

214 1092 251 1111 ex
273 1088 325 1112 tuo
348 1093 397 1112 ore
418 1082 575 1120 admiror),
598 1094 692 1123 quam
714 1093 784 1113 cum
808 1082 871 1112 istis
892 1092 962 1111 vera
983 1081 1101 1111 sentire.

213 1126 356 1154 Marcus.
374 1125 478 1155 Macte
493 1126 612 1155 virtute.
638 1126 706 1166 Ego
728 1125 808 1155 enim
830 1125 893 1165 ipse
911 1135 980 1154 cum
997 1123 1102 1154 eodem

211 1167 277 1208 ipso
293 1177 353 1198 non
369 1168 481 1198 invitus
498 1169 668 1198 erraverim.
705 1169 792 1198 Num
808 1168 900 1208 igitur
915 1167 1102 1203 dubitamus,

215 1209 300 1250 [an],
327 1210 403 1241 sicut
425 1211 579 1252 pleraque,
606 1211 646 1242 sic
673 1216 701 1241 et
727 1212 808 1241 hoc?
833 1220 1021 1251 quamquam
1048 1210 1104 1239 hoc

214 1253 339 1301 quidem
355 1253 500 1283 minime:
526 1254 707 1294 persuadent
718 1254 799 1284 enim
811 1253 1028 1302 mathematici,
1045 1258 1104 1282 ter-

214 1306 290 1333 ram,
314 1296 346 1325 in
362 1296 462 1326 medio
480 1297 596 1326 mundo
617 1297 705 1327 sitam
726 1297 764 1326 ad
784 1296 915 1326 universi
937 1296 1001 1325 coeli
1023 1305 1104 1325 com-

213 1339 352 1379 plexum,
377 1339 462 1379 quasi
483 1340 588 1380 puncti
608 1340 702 1369 instar
722 1339 866 1377 obtinere,
891 1338 973 1379 quod
993 1350 1105 1377 usurpent

212 1381 258 1411 illi
274 1388 400 1412 vocant·
425 1392 492 1412 eam
514 1393 602 1423 porro
623 1389 764 1412 naturam
780 1392 841 1412 esse
857 1388 987 1422 quatuor
1002 1380 1105 1410 omnia

214 1424 405 1464 gignentium
422 1435 592 1465 corporum,
609 1431 643 1455 ut
659 1425 745 1466 quasi
760 1425 871 1465 partita
885 1424 1017 1454 habeant
1028 1423 1105 1453 inter

215 1477 246 1497 se
269 1473 298 1497 et
323 1468 418 1497 divisa
444 1474 618 1498 momenta:
643 1473 761 1498 terrena
787 1473 815 1497 et
837 1467 976 1503 humida,
1000 1472 1106 1506 suopte

216 1516 294 1539 nutu
311 1516 339 1539 et
355 1521 409 1540 suo
424 1511 566 1550 pondere,
591 1511 629 1540 ad
645 1522 730 1551 pares
751 1510 878 1550 angulos
898 1510 929 1539 in
950 1516 1061 1539 terram
1078 1514 1107 1538 et

215 1552 247 1582 111
269 1563 352 1582 mare
373 1553 529 1588 sesamum
554 1554 678 1594 reliquae
700 1553 768 1583 duae
789 1558 898 1594 partes,
922 1562 984 1581 una
1004 1552 1104 1591 ignea,

216 1595 310 1625 altera
325 1596 474 1632 animalis,
497 1602 530 1626 ut
551 1596 611 1626 fllae
627 1597 791 1636 superiores
807 1596 837 1625 in
853 1595 989 1625 medium
1004 1595 1105 1624 locum

216 1638 324 1667 mundi
339 1638 486 1678 gravitate
501 1639 634 1668 ferantur
651 1646 679 1668 et
694 1639 836 1679 pondere,
861 1638 902 1668 sic
922 1638 970 1667 hae
985 1647 1106 1667 rursum

217 1681 303 1710 rectis
319 1681 404 1711 lineis
425 1682 455 1711 in
473 1682 619 1712 coelestem
640 1682 741 1712 locum
763 1681 940 1716 subvolent;
965 1680 1026 1710 sive
1041 1679 1107 1719 ipsa

215 1724 324 1754 natura
345 1724 497 1765 superiora
516 1730 686 1765 appetente,
709 1724 770 1755 sive
791 1723 872 1765 quod
888 1734 906 1753 a
920 1722 1107 1764 gravioribus

216 1766 329 1798 leviora
343 1767 451 1799 natura
466 1768 659 1809 repellantur.
683 1767 764 1806 Quae
784 1777 854 1800 cum
869 1770 1016 1805 constent,
1039 1774 1108 1806 per·
