1226 1935
276 80 399 112 TUSC.
416 80 589 120 QUAEST.
606 81 686 112 Lm.
704 82 744 113 V.
761 82 845 113 cst.
862 83 914 113 28.
982 80 1046 116 279

148 172 201 196 tur
221 165 315 207 prius,
339 177 433 208 quam
449 178 480 198 se
499 168 591 199 victos
605 168 781 199 faterentur.
809 168 890 206 Quae
904 167 1044 199 barbaria

153 209 242 239 Indis
263 210 373 240 vastior
393 217 446 240 aut
461 211 604 251 agrestior
615 213 629 242 ἓ
655 211 692 241 In
709 212 745 242 eit
760 217 861 241 tamen
877 217 966 251 gente
981 210 1043 251 pri-

151 261 239 282 mum
254 253 287 290 ii,
304 253 357 293 qui
373 254 520 293 sapientes
536 254 698 293 habentur,
711 254 787 284 nudi
799 259 917 284 aetatem
934 259 1042 294 agunt,

150 301 180 325 et
205 295 331 326 Caucasi
355 296 437 326 nives
461 296 685 338 hiemalemque
710 297 772 327 vim
796 297 953 337 perferunt
977 297 1041 327 sine

149 337 270 368 dolore:
295 349 427 380 cumque
442 339 480 369 ad
496 340 652 370 flammam
669 350 699 370 se
714 340 953 381 applicaverunt,
976 340 1040 370 sine

148 378 265 420 gemitu
287 382 467 412 aduruntur.
492 382 640 413 Mulieres
662 393 731 413 vero
756 383 803 422 [in
826 382 946 423 Indiam,
970 392 1040 413 cum

149 429 193 453 est
210 422 374 466 [cujusvis]
392 435 497 455 earum
513 426 558 455 v'u·
572 431 722 463 mortuus,
745 426 776 456 in
793 432 943 456 certamen
957 425 1041 465 judi-

147 466 291 508 ciumque
318 468 455 505 veniunt,
488 479 582 509 quam
609 469 779 509 plurimum
805 469 857 499 isse
879 468 1038 498 dilexerit:

146 510 248 549 piures
263 510 344 540 enim
361 511 487 551 singulis
503 512 600 542 solent
611 522 674 542 esse
686 518 799 552 nuptae.
823 512 903 549 Quae
919 517 963 541 est
979 511 1040 542 vic-

145 553 217 590 trix,
240 563 285 590 ea,
306 554 386 590 laeta,
407 555 656 595 prosequentibus
672 555 744 591 suis,
763 555 824 584 unii
840 565 910 585 cum
926 554 990 585 viro
1006 555 1037 584 in

145 605 254 635 rogum
266 596 453 637 imponitur:
478 598 542 635 ilia,
560 598 648 635 victa,
666 604 772 628 moesta
788 598 920 628 discedit.
946 598 977 627 N
981 608 1037 627 un-

145 648 238 678 quam
264 647 404 670 naturam
425 651 492 670 mos
516 641 665 670 vinceret:
691 647 735 671 est
758 641 840 670 enim
863 651 898 671 ea
922 650 1041 681 semper

144 680 265 712 invicta.
290 683 349 713 Sed
366 693 418 714 nos
434 683 562 721 umbris,
579 684 704 721 deliciis,
722 683 794 722 otio,
811 684 968 724 languore,
985 684 1037 714 de-

143 724 231 761 sidia,
245 725 384 755 animum
405 726 578 757 infecimus:
594 727 787 767 opinionibus
802 727 944 767 maloque
955 736 1039 757 more

142 766 309 798 delenitum
331 769 528 799 mollivimus.
573 770 792 810 AEgyptiorum
827 780 943 800 morem
968 769 1037 810 quis

141 809 261 850 ignorat
272 813 285 842 ,⁹
296 822 427 852 <piorum
442 812 569 843 imbuta}
584 820 699 843 mentes
709 813 864 853 pravitatis
875 813 1037 850 erroribus,

143 854 283 893 quamvis
307 855 513 885 carnificinam
537 856 622 896 prius
649 856 806 894 subierint,
830 865 924 896 quam
949 855 1037 893 ibim,

143 903 197 926 aut
213 897 361 938 aspidem,
378 904 431 928 aut
445 899 547 937 felem,
569 905 622 928 aut
638 909 755 937 canem,
772 904 825 928 aut
840 898 1036 937 crocodilum,

141 939 274 976 violentt,
299 951 430 982 quorum
447 941 538 971 etiam
554 941 578 971 si
593 942 801 982 imprudentes
816 941 975 983 quidpiam
991 942 1035 972 fe-

140 983 246 1021 cerint,
263 993 384 1024 poenam
399 984 515 1014 nullam
531 991 679 1015 recusent.

184 1025 234 1056 De
254 1027 429 1058 hominibus
444 1028 561 1068 loquor.
586 1027 672 1066 Quid
687 1028 790 1059 bestiae
803 1030 817 1058 ?
841 1037 901 1057 non
922 1027 1032 1068 frigus,

141 1078 202 1099 non
217 1069 343 1107 famem,
366 1080 427 1100 non
443 1071 633 1111 montivagos
648 1077 739 1112 atque
755 1072 902 1102 silvestres
918 1081 1034 1110 cursus,

140 1112 402 1155 lustrationesque,
425 1114 608 1154 patiuntur?
633 1114 707 1145 Non
730 1125 785 1155 pro
806 1125 860 1144 suo
880 1121 970 1155 partu
991 1114 1034 1144 ita

140 1164 345 1196 propugnant,
369 1163 404 1186 ut
419 1157 545 1187 vulnera
565 1157 742 1198 excipiant?
766 1157 866 1188 nullos
887 1158 1032 1197 impetus,

140 1199 240 1229 nullos
266 1199 342 1230 iet-us
367 1199 589 1230 reformident?
619 1200 751 1238 Omitto,
775 1211 845 1241 quae
867 1200 1032 1241 perferant,

139 1252 270 1282 quaeque
292 1242 447 1283 patiantur
469 1243 632 1281 ambitiosi,
656 1244 777 1274 honoris
797 1244 908 1279 causir3
932 1243 1033 1273 laudis

140 1285 278 1323 studiosi,
301 1286 405 1326 gloriae
428 1286 546 1326 gratizh
570 1296 673 1317 amore
698 1287 823 1324 incensi,
847 1286 1031 1327 cupiditatis.

141 1327 238 1358 Plena
252 1328 313 1358 vita
328 1330 538 1370 exemplorum
551 1336 603 1360 est.
628 1330 688 1360 Sed
703 1330 845 1360 adhibeat
856 1329 950 1360 oratio
965 1340 1032 1359 mo-

139 1370 235 1406 dum;
260 1377 289 1401 et
304 1372 405 1402 redeat
419 1372 503 1410 illue,
521 1373 602 1402 unde
619 1371 786 1414 [deflexit]

182 1413 348 1445 XXVIII.
373 1415 480 1451 Dabit,
502 1415 598 1454 dabit,
619 1416 758 1457 inquam,
781 1427 811 1446 se
832 1416 863 1446 in
879 1421 1030 1445 tormenta

139 1456 200 1487 vita
215 1458 321 1488 beata:
346 1468 401 1488 nec
413 1458 574 1497 justitiam,
597 1460 840 1500 temperantiam,
863 1459 895 1489 in
910 1458 1032 1499 primis-

139 1510 199 1540 que
218 1500 439 1538 fortitudinem,
461 1502 705 1542 magnitudinem
726 1502 832 1539 animi,
851 1501 1030 1543 patientiam

137 1550 304 1583 prosecuta,
328 1554 398 1574 cum
419 1546 537 1575 tortmis
556 1556 589 1575 os
610 1545 728 1584 viderit,
750 1545 910 1581 consistet3
935 1545 1031 1575 virtu-

138 1585 279 1627 tibusque
293 1588 435 1618 omnibus
456 1587 520 1618 sine
539 1587 603 1618 ullo
624 1588 720 1618 animi
735 1594 845 1619 terrore
860 1588 899 1618 ad
914 1587 1029 1618 crucia-

139 1633 206 1659 tum
227 1630 377 1670 profectis,
401 1630 515 1661 resistet
529 1636 614 1661 extra
629 1631 706 1662 fores
728 1633 777 1666 (ut
802 1637 872 1662 ante
892 1631 970 1668 dixi)
991 1630 1030 1660 li-

137 1681 269 1712 menque
288 1673 420 1704 carceris.
449 1674 536 1712 Quid
555 1674 637 1705 enim
653 1675 689 1705 εὲ,
702 1674 822 1713 foedius,
839 1674 914 1716 quid
928 1673 1028 1704 defor-

136 1714 217 1745 mius
237 1715 302 1745 solit
321 1716 434 1755 relicte,
458 1717 603 1747 comitatu
625 1717 830 1758 pulcherrimo
845 1717 1028 1758 segregatim?

134 1757 216 1798 quod
237 1763 337 1790 tamen
358 1759 422 1790 fieri
443 1760 529 1790 nullo
549 1765 637 1801 pacto
651 1766 769 1801 potest:
794 1770 849 1792 nec
870 1760 952 1791 enim
967 1760 1029 1792 vir-
