1226 1935
196 86 258 116 282
319 84 442 116 TUSC.
462 84 635 123 QUAEST.
655 84 734 115 Lm.
748 84 788 115 V.
808 83 891 115 CAP.
909 84 961 115 31.

193 170 226 201 in
249 170 434 212 quibusdam
454 170 554 209 malis,
576 177 678 202 tamen
699 170 756 201 hoc
776 180 887 201 nomen
901 169 983 200 beati
997 169 1087 211 longe

196 220 227 244 et
241 213 302 244 late
317 220 409 254 patet.

239 257 368 288 XXXI.
393 257 489 294 Nam,
503 263 537 287 ut
553 262 723 298 quaestuosa
737 262 917 294 mercatura,
933 255 1088 286 fructuosa

195 300 290 330 aartio
310 300 431 337 dicitur,
448 311 508 331 non
525 300 548 330 si
564 301 657 330 altera
671 310 789 340 semper
803 300 887 330 omni
903 299 1026 336 damno,
1042 299 1086 329 al-

196 349 259 373 tera
277 343 362 373 omni
377 343 561 384 tempestatis
577 343 757 381 calamitate,
773 353 890 383 semper
905 348 1009 378 vacat3
1034 342 1086 372 sed

195 386 221 416 si
237 386 335 416 multo
350 387 464 425 majore
479 397 517 416 ex
532 392 618 426 parte
633 392 730 416 exstat
745 386 776 415 in
792 386 922 426 utraque
937 385 1083 420 felicitas3

196 429 238 459 sic
253 428 325 467 vita,
342 439 402 459 non
424 429 522 459 solum
543 429 567 459 si
583 429 718 469 undique
733 429 841 459 referta
855 428 942 458 bonis
963 434 1017 465 est,
1034 427 1086 458 sed

195 472 220 502 si
240 473 339 502 multo
358 473 474 511 majore
495 478 524 502 et
538 472 673 512 graviore
694 482 731 502 ex
752 478 836 512 parte
856 473 936 501 bona
956 481 1086 511 propen-

196 515 279 554 dent,
296 516 384 545 beata
398 521 476 545 recte
492 515 550 545 dici
565 520 671 555 potest.
695 516 845 555 Sequetur
859 514 963 554 igitur,
975 514 1085 544 horum

194 558 321 595 ratione,
333 558 380 588 vel
390 558 428 587 ad
440 558 635 598 supplicium,
649 559 736 587 beata
747 557 809 587 vita
818 557 962 587 virtutem
973 568 983 593 ;
1000 567 1086 587 cum-

196 611 256 641 que
277 600 311 631 ea
331 601 489 632 descendet
508 601 538 630 in
560 607 694 637 taurum,
712 600 887 636 Aristotele,
903 600 1085 637 Xenocrate,

198 644 379 684 Speusippo,
406 644 570 674 Polemone
593 644 785 679 auctoribus3
811 653 866 673 nec
889 653 967 679 eam,
995 643 1087 672 minis

198 693 251 717 aut
274 687 489 717 blandimentis
514 693 664 727 corrupta,
689 686 812 716 deseret.
850 686 969 716 Eadem
995 685 1089 715 Calli-

197 730 319 802 lplhontis
340 730 395 760 erit
417 730 604 770 Diodorique
625 729 791 765 sententia3
816 739 947 769 quorum
963 734 1090 769 uterque

220 778 384 803 onestatem
406 773 447 803 sic
466 772 685 813 complectitur,
708 778 742 802 ut
757 772 870 809 omnia,
893 783 962 812 quae
978 772 1041 802 sine
1056 772 1092 802 eit

197 815 267 853 sint,
291 816 381 856 longe
396 822 425 846 et
441 822 518 845 retro
533 816 673 856 ponenda
688 821 813 845 censeat.
839 814 964 855 Reliqui
979 815 1092 845 habere

197 869 227 888 se
254 859 394 889 videntur
419 859 594 899 angustius:
628 864 751 888 enatant
777 864 878 888 tamen
891 869 900 894 ς
925 858 1090 898 Epicurus,

198 902 418 942 Hieronymus,
433 908 462 931 et
473 902 497 931 si
509 902 563 942 qui
579 908 661 939 sunt,
679 901 732 941 qui
748 901 900 931 desertum
912 901 1001 930 illum
1015 901 1090 931 Car-

197 945 324 975 neadem
346 950 451 975 curent
472 945 640 975 defendere.
674 945 776 974 Nemo
798 950 842 974 est
862 944 955 980 enim,
973 944 1027 985 qui
1043 954 1092 974 eo-

196 998 266 1018 rum
283 989 433 1018 bonorum
454 988 592 1017 animum
614 994 701 1028 putet
716 998 777 1017 esse
789 987 935 1026 judicem,
958 997 1091 1027 eumque

197 1031 427 1067 condocefaciat,
454 1037 490 1061 ut
510 1042 555 1067 ea,
579 1041 648 1071 quae
673 1032 752 1060 bona
776 1031 893 1060 malave
918 1030 1088 1067 videantur,

195 1074 290 1115 possit
304 1080 503 1104 contemnere.
539 1074 623 1103 Nam
645 1084 713 1114 quae
734 1073 789 1103 tibi
810 1073 936 1113 Epicuri
958 1073 1088 1111 videtur,

196 1117 301 1147 eadem
318 1117 373 1147 erit
390 1117 573 1157 Hieronymi
585 1123 613 1147 et
626 1116 789 1147 Carneadis
805 1127 905 1154 causa,
922 1122 961 1153 et,
978 1116 1088 1154 hercle,

195 1160 334 1190 omnium
356 1160 552 1200 reliquorum.
586 1160 665 1197 Quis
686 1160 767 1189 enim
792 1170 901 1199 parum
923 1165 966 1189 est
986 1165 1090 1189 contra

195 1208 325 1233 mortem
347 1209 400 1233 aut
419 1203 553 1233 dolorem
574 1204 721 1243 paratus?
746 1202 914 1232 Ordiamur
934 1203 972 1231 ab
995 1213 1040 1239 eo,
1063 1202 1087 1232 si

195 1246 305 1287 placet,
321 1257 414 1286 quem
430 1246 565 1282 mollem,
583 1256 674 1286 quem
690 1245 908 1285 voluptarium,
925 1245 1064 1275 dicimus.

239 1289 350 1326 Quid?
375 1289 399 1319 is
416 1289 471 1319 t1b1
482 1296 650 1319 mortemne
671 1288 800 1323 videtur,
822 1298 861 1318 an
879 1288 1026 1325 dolorem,
1050 1289 1087 1318 ti-

197 1334 305 1362 mere?
338 1332 391 1372 qui
418 1343 489 1362 eum
516 1332 609 1369 diem,
635 1342 696 1372 quo
719 1331 858 1369 moritur,
884 1333 1008 1361 beatum
1033 1342 1087 1372 ap-

196 1375 312 1415 pellat·
303 1398 312 1411 ‚
337 1375 540 1415 maximisque
556 1375 709 1405 doloribus
725 1374 859 1409 affectus,
880 1384 929 1404 eos
944 1374 1024 1414 ipsos
1039 1375 1086 1404 in-

196 1424 357 1448 ventorum
374 1428 487 1448 suorun
488 1429 498 1447 1
515 1418 651 1448 memori·
653 1430 662 1447 1
675 1424 704 1447 et
715 1417 919 1447 recordatione
931 1417 1083 1447 confutat:

196 1471 251 1491 nec
266 1461 330 1491 haec
346 1461 387 1491 sic
403 1462 476 1501 agit,
494 1468 527 1490 ut
547 1471 583 1491 ex
600 1467 735 1501 tempore
750 1460 836 1501 quasi
852 1460 970 1490 effutire
986 1460 1086 1491 videa-

197 1510 256 1534 tur.
292 1503 341 1534 De
361 1511 458 1534 morte
483 1504 563 1534 enim
589 1504 632 1533 ita
655 1504 755 1540 sentit,
782 1509 827 1539 ut,
851 1503 996 1533 dissoluto
1020 1504 1086 1534 ani-

196 1552 311 1583 mante,
329 1557 449 1577 sensum
466 1548 649 1577 exstinctum
662 1553 764 1587 putet:
786 1546 868 1587 quod
880 1552 982 1576 autem
995 1556 1083 1576 sensu

196 1596 306 1627 careat,
323 1590 400 1619 nihil
416 1591 454 1620 ad
470 1600 524 1619 nos
536 1590 566 1620 id
580 1590 695 1628 judicet
706 1590 862 1630 pertinere.
888 1590 968 1619 Item
981 1589 1017 1619 dc
1029 1590 1083 1620 do-

195 1634 259 1664 lore
274 1638 353 1663 certa
364 1633 465 1670 habet,
480 1644 548 1674 quae
560 1640 719 1673 sequatur-3
740 1634 826 1672 cujus
838 1632 1081 1672 magnitudinem

192 1676 338 1706 brevitate
353 1677 534 1712 consolatur,
557 1676 809 1716 longinquitatem
831 1675 961 1705 levitate.
996 1675 1082 1713 Quid

193 1719 315 1750 tandem
329 1719 377 1750 isti
386 1719 580 1761 grandiloqui
591 1725 694 1750 contra
704 1719 768 1750 haec
779 1718 852 1757 duo,
865 1729 934 1760 quae
946 1719 1081 1749 maxime
