1226 1935
264 57 326 89 DE
350 55 548 93 FINIBUS,
573 55 652 86 Lm.
663 54 703 86 V.
721 54 804 84 Cim
822 55 871 84 12.
970 52 1011 87 77

116 143 343 176 mendicitatem
363 143 454 174 multi
475 141 691 183 perpetiantur,
707 146 742 170 ut
762 140 885 173 vivant;
911 144 1007 168 etan-

117 194 229 229 gantur
243 186 535 228 appropinquatione
550 184 654 214 mortis
670 183 795 214 confecti
810 182 947 212 homiues
962 191 1008 211 sc-

118 236 258 265 nectute;
283 236 312 260 et
331 240 365 260 ea
385 228 546 270 perferant,
564 238 632 268 quae
650 226 848 256 Philoctetam
870 224 1007 254 videmus

116 273 150 303 in
162 273 292 308 fabulis;
317 272 382 313 qui⁷
399 281 469 302 cum
485 270 666 301 cruciaretur
678 279 737 299 non
754 268 882 299 ferendis
897 266 1007 297 dolori-

119 317 188 354 bus,
204 317 391 356 propagabat
407 321 507 344 tamen
523 313 616 343 vitam
632 312 762 352 aucupio
777 311 976 351 sagittarum:

163 380 186 396 “
202 377 382 418 Configebat
397 376 500 406 tardus
515 375 634 413 celeres,
651 380 731 404 stans
747 371 915 409 volantes,'’

119 458 154 483 ut
168 452 250 493 apud
264 452 389 493 Attium
405 456 460 486 est,

161 512 184 529 “
201 510 432 551 Pinnarumque
452 515 594 541 contextu
615 508 745 550 corporis
765 511 942 548 tegumenta
962 505 1007 535 fa-

292 554 421 584 ciebat.‘'

119 624 170 656 De
183 624 345 656 homiuum
360 635 480 665 genere,
496 630 550 654 aut
564 624 688 654 omnino
703 623 740 653 de
755 622 947 657 animalium,
963 620 1008 650 lo-

119 679 198 709 quor
211 679 220 704 ;
245 678 315 698 cum
330 669 473 698 arborum
489 674 518 697 et
529 667 669 707 stirpium
682 667 786 697 eadem
801 675 887 706 paene
899 670 1008 694 natura

118 711 175 741 sit:
202 711 263 741 sive
273 714 321 744 (ut
335 711 515 740 doctissimis
525 710 594 740 viris
609 710 708 740 visum
724 716 780 746 est)
796 709 893 747 major
905 707 1009 747 aliqua

118 764 209 784 causa
223 760 314 794 atque
329 753 458 783 divinior
472 754 550 783 hanc
561 753 623 783 vim
638 753 795 793 ingenuit3
820 752 881 781 sive
896 750 952 780 hoc
967 750 1010 779 ita

119 797 154 827 fit
169 797 302 826 fortuito.
326 796 495 827 Videamus
507 807 552 831 ea,
564 807 632 836 quae
642 802 721 826 terra
730 795 838 835 gignit,
850 793 1009 824 corticibus

118 846 148 870 et
164 839 313 869 radicibus
329 839 428 869 valida
443 839 573 873 servari;
598 839 680 879 quod
701 838 848 878 contingit
868 836 1009 866 animali-

118 884 176 913 bus
195 892 339 912 sensuum
359 882 581 918 distributione,
598 888 627 912 et
648 881 781 922 quisdam
803 879 1011 920 compactione

117 927 337 956 membrorum.
365 924 438 962 Qua
453 925 578 965 quidem
594 925 631 954 de
646 935 688 960 re,
706 934 892 965 quamquam
910 932 1010 952 assen-

119 968 177 998 tior
197 968 233 998 iis
253 968 307 1008 qui
328 968 393 998 haec
413 968 516 998 onmia
536 968 599 1008 regi
620 969 729 997 natura
751 972 872 1008 putant,
896 976 965 1007 quae
985 964 1009 994 si

118 1017 228 1041 natura
242 1011 387 1051 negligat,
403 1011 469 1051 ipsa
484 1021 545 1041 esse
561 1021 620 1041 non
631 1006 771 1051 'possinu
792 1017 893 1040 tamen
907 1019 1011 1039 conce-

119 1054 170 1091 do,
187 1061 232 1091 ut,
250 1054 303 1094 qui
319 1054 356 1084 de
375 1054 432 1084 hoc
452 1054 643 1090 dissentiunt,
665 1054 838 1084 existiment
858 1053 940 1094 quod
961 1062 1011 1082 ve-

119 1097 188 1133 lint,
205 1107 239 1128 ac
254 1097 301 1127 vel
316 1097 372 1127 hoc
384 1097 565 1137 intelligant,
580 1097 604 1127 si
619 1097 741 1138 quando
756 1103 897 1127 naturam
913 1095 1013 1126 homi-

117 1140 164 1170 nis
179 1140 290 1178 dicam,
306 1140 462 1170 hominem
477 1140 574 1170 dicere
589 1150 658 1170 me:
683 1140 759 1169 nihil
775 1141 855 1170 enim
871 1141 928 1170 hoc
954 1139 1013 1169 dif-

120 1183 198 1213 fert:
223 1193 296 1213 nam
310 1183 395 1224 prius
406 1183 516 1223 poterit
531 1194 548 1213 a
564 1194 594 1213 se
606 1183 734 1224 quisque
744 1183 905 1220 discedere,
919 1193 1013 1223 quam

121 1226 292 1267 appetitum
314 1237 419 1256 earum
434 1237 547 1263 rerum,
564 1237 632 1267 quae
653 1226 710 1256 sibi
725 1227 905 1265 conducant,
922 1226 1012 1256 amit-

120 1274 190 1299 tere.
211 1269 233 1299 J
236 1279 289 1299 ure
298 1269 391 1310 igitur
401 1269 571 1309 gravissimi
582 1269 754 1310 philosophi
766 1270 889 1299 initium
899 1270 1013 1300 summi

120 1312 193 1342 boni
208 1323 226 1342 a.
240 1313 349 1343 natura
364 1312 554 1352 petiverunt3
579 1319 608 1342 et
623 1312 713 1342 illum
728 1313 898 1354 appetitum
910 1323 1012 1344 renim

120 1355 160 1385 ad
180 1362 321 1385 naturam
342 1355 639 1386 accommodatarum
659 1355 870 1396 ingeneratum
886 1362 1012 1396 putave-

120 1404 192 1428 runt
207 1398 348 1428 omnibus
363 1398 417 1438 qui
432 1398 622 1429 continentur
637 1398 673 1429 ea
684 1399 945 1430 commendatione
960 1411 1014 1431 na-

121 1446 208 1478 turae,
224 1441 286 1481 qua
301 1452 332 1471 se
347 1441 405 1482 ipsi
420 1441 561 1481 diligunt.

164 1483 246 1514 XII.
270 1483 422 1525 Deinceps
438 1484 604 1515 videndum
621 1492 675 1523 est,
689 1485 835 1526 quoniam
847 1485 918 1516 satis
928 1499 1014 1528 aper-

124 1532 192 1557 tum
208 1532 262 1564 est,
279 1527 336 1557 sibi
358 1538 513 1568 quemque
534 1528 643 1558 natura
664 1539 726 1559 esse
749 1539 865 1567 carum,
888 1541 957 1570 quae
978 1532 1015 1562 sit

123 1569 255 1599 hominis
279 1576 406 1600 natura:
439 1571 471 1600 id
497 1577 540 1601 est
567 1572 660 1609 enim,
688 1572 725 1602 de
751 1583 812 1613 quo
839 1574 1014 1614 quaerimus.

123 1612 225 1653 Atqui
240 1613 435 1654 perspicuum
451 1620 505 1651 est,
521 1614 678 1645 hominem
691 1626 706 1645 e
716 1625 838 1656 corpore
853 1617 1017 1659 animoque

124 1663 272 1692 constare,
289 1666 359 1686 cum
374 1657 483 1697 primae
498 1657 558 1688 sint
573 1658 668 1688 animi
679 1664 790 1698 partes,
803 1660 943 1690 secundm
954 1672 1019 1693 cor-

125 1699 214 1738 poris.
253 1699 375 1730 Deinde
400 1699 432 1730 id
458 1711 582 1741 quoque
604 1701 753 1738 videmus,
775 1707 805 1731 et
834 1702 877 1732 ita
908 1704 1020 1744 figura-

126 1747 192 1772 tum
209 1752 329 1784 corpus,
345 1748 381 1774 ut
396 1744 524 1775 excellat
540 1744 618 1781 aliis,
635 1744 835 1785 animumque
849 1745 892 1776 ita
911 1750 1020 1779 consti-

693 1797 718 1817 Η
743 1788 763 1817 3
