1226 1935
267 82 574 124 TUsc.QUAEsT.
595 84 674 116 1118.
692 85 733 116 V.
751 84 834 116 CAP.
854 84 903 114 15.
970 82 1032 118 267

140 169 229 200 malis
263 170 404 211 opinatis,
432 171 464 202 in
490 172 642 202 bonorum
669 176 772 201 autem
798 180 900 201 errore
921 168 1030 199 laetitia

138 213 268 254 gestiens
291 213 446 254 libidoque
469 220 623 250 versetur;
648 224 719 244 cum
746 214 810 244 haec
835 212 937 243 omnia
961 221 1032 242 cum

138 255 263 287 consilio
286 262 315 286 et
341 257 456 287 ratione
479 263 639 298 pugnent3
664 257 711 287 his
738 263 772 287 tu
802 263 864 286 tam
891 255 1034 294 ‹vravibus

139 299 398 338 concitationibus,
416 306 540 341 tamque
555 300 627 341 ipsis
647 300 726 330 inter
741 310 772 330 se
786 298 1031 329 dissentientibus

138 347 231 382 atque
254 342 411 380 distractis,
437 354 530 384 quem
558 353 700 381 vacuum,
726 343 872 378 solutum,
899 342 1029 371 liberum

140 384 261 422 videris,
285 385 368 416 hunc
389 386 542 416 dubitabis
559 387 683 416 beatum
707 386 829 416 dicere?
862 383 963 424 Atqui
987 394 1034 413 sa-

142 427 228 468 piens
244 438 361 469 semper
376 429 418 459 ita
438 429 562 459 affectus
577 435 640 459 est.
666 439 783 470 semper
804 428 897 468 igitur
917 427 1035 466 sapiens

143 471 248 501 beatus
264 477 316 501 est.
349 472 456 513 Atque
471 473 562 502 etiam
578 482 668 502 omne
689 473 805 502 bonum
821 470 952 501 laetabile
968 476 1032 500 est:

142 514 225 553 quod
241 520 343 544 autem
358 515 499 553 lwetabile,
517 515 547 545 id
563 515 801 556 praedicandum,
819 520 849 544 et
868 524 931 554 prae
947 523 977 542 se
992 512 1036 542 fe-

142 557 292 587 rendum:
318 558 400 598 quod
421 559 479 588 tale
500 566 613 595 autem,
633 558 665 587 id
685 558 776 588 etiam
798 557 985 598 ‹loriosumt
1011 555 1035 585 si

144 610 213 630 vero
228 601 404 641 gloriosum,
422 608 499 631 certe
514 601 688 631 laudabile.
713 600 795 642 quod
811 606 913 630 autem
928 598 1036 628 lauda-

143 643 215 680 bile,
232 643 365 684 profecto
380 643 471 674 etiam
487 644 668 674 honestum·
694 644 777 685 quod
798 645 914 673 bonum
930 641 1034 682 igitur,

143 686 175 716 id
196 686 367 716 honestum.
401 689 448 717 At
469 698 538 728 quae
558 687 606 717 isti
627 688 707 717 bona
726 692 900 723 numerant,
922 695 959 714 ne
979 684 1037 725 ipsi

143 729 267 770 quidem
284 730 408 760 honesta
423 730 536 760 dicunt.
570 731 677 761 Solum
693 730 786 770 igitur
801 731 929 766 bonum,
951 727 1034 768 quod

143 771 325 802 honestum.
354 784 392 803 ex
418 784 479 814 quo
506 773 643 811 efficitur,
670 773 826 803 honestate
852 782 916 802 una
942 771 1036 801 vitam

144 815 291 845 contineri
305 817 435 846 beatam.
470 816 543 846 Non
560 822 630 846 sunt
645 816 738 857 igitur
753 826 788 846 ea
803 817 883 845 bona
898 814 1036 852 dicenda,

145 868 200 889 nec
230 859 381 897 habenda,
413 859 525 901 quibus
554 860 762 890 abundantem
790 859 861 889 licet
889 868 951 888 esse
979 857 1038 887 mi-

144 902 315 932 serrimum.

186 945 242 975 An
268 945 399 983 dubitas,
418 946 501 995 ‘qu’m
530 951 676 987 praestans
698 944 882 982 valetudine,
909 942 1036 981 viribus,

143 988 255 1026 forma,
290 989 441 1019 acerrimis
477 989 740 1029 integerrimisque
773 988 921 1025 sensibus,
960 986 1037 1016 adde

144 1031 248 1070 etiam,
270 1031 295 1062 si
312 1032 396 1070 libet,
418 1032 638 1073 pernicitatem,
661 1038 690 1062 et
713 1031 913 1069 velocitatem,
933 1030 973 1059 da
993 1029 1038 1059 di-

142 1074 241 1112 vitias,
257 1075 414 1113 honores,'
407 1076 545 1124 imperia,
567 1086 650 1116 opes,
670 1074 819 1116 gloriam:
846 1074 870 1104 si
888 1072 979 1103 fuerit
999 1072 1036 1110 is,

144 1117 199 1158 qui
214 1118 278 1148 haec
297 1118 399 1157 habet,
421 1119 564 1158 injustus,
586 1119 802 1159 intemperans,
825 1116 961 1153 timidus,
984 1115 1039 1145 he-

144 1161 207 1191 beti
229 1161 361 1202 ingenio,
386 1167 477 1202 atque
499 1162 607 1198 111111ος
632 1161 824 1192 dubitabisne
851 1169 922 1190 eum
948 1158 1040 1188 mise-

145 1214 215 1234 rum
231 1204 353 1235 dicere?
377 1205 491 1242 Qualia
505 1205 599 1245 igitur
613 1205 670 1235 ista
691 1206 771 1235 bona
791 1209 873 1241 sunt,
896 1213 966 1244 quae
985 1201 1039 1242 qui

145 1247 266 1286 habeat,
290 1248 477 1278 miserrimus
496 1259 558 1278 esse
581 1248 697 1289 possit?
730 1247 910 1285 Videamus,
933 1255 982 1281 ne,
1004 1250 1040 1274 ut

144 1300 267 1321 acervus
286 1301 323 1321 ex
345 1291 392 1321 sui
412 1291 528 1332 generis
550 1291 662 1332 granis,
682 1291 723 1322 sic
744 1292 832 1321 beata
854 1290 917 1320 vita
935 1299 972 1319 ex
991 1288 1039 1318 sui

145 1333 295 1364 similibus
311 1334 448 1374 partibus
465 1334 541 1364 effici
556 1334 671 1364 debeat.
704 1333 798 1371 Quod
814 1332 839 1363 si
853 1333 896 1362 ita
911 1337 976 1367 θεῖς
1001 1341 1039 1361 ex

144 1377 242 1414 bonis,
260 1388 328 1418 quae
349 1377 412 1408 sola
426 1378 552 1407 honesta
567 1383 649 1416 sunt,
667 1376 839 1407 efficiendus
858 1381 902 1406 est
921 1376 1038 1405 beatus.

146 1419 195 1449 Ea
208 1420 305 1450 mixta
320 1431 358 1450 ex
373 1420 570 1451 dissimilibus
585 1421 610 1450 si
631 1400 730 1457 (irunt,
753 1420 914 1450 honestum
934 1428 971 1447 ex
991 1417 1040 1447 his

147 1462 223 1492 effici
239 1463 315 1493 nihil
329 1464 456 1504 poterit:
483 1474 544 1504 quo
556 1464 699 1502 detracto,
710 1462 785 1504 quid
796 1462 905 1503 poterit
914 1462 1039 1491 beatum

145 1505 298 1546 intelligi?
322 1506 447 1536 Etenim
462 1506 612 1547 quidquid
628 1514 682 1544 est,
700 1506 783 1547 quod
804 1507 919 1535 bonum
937 1504 985 1541 sit,
1007 1502 1039 1533 id

146 1549 352 1588 expetendum
371 1556 434 1580 est:
460 1549 542 1591 quod
557 1555 660 1580 autem
679 1548 895 1590 expetendum,
911 1547 943 1576 id
958 1551 1038 1576 certe

145 1592 398 1632 approbandum.
419 1593 502 1633 quod
518 1603 586 1623 vero
602 1592 789 1634 approbaris,
806 1591 837 1621 id
852 1596 974 1638 gratum
990 1599 1040 1619 ac-

147 1640 330 1676 ceptumque
350 1635 546 1666 habendum:
571 1646 642 1677 ergo
667 1636 759 1666 etiam
783 1634 916 1675 dignitas
938 1633 964 1663 ei
986 1632 1039 1661 tri-

147 1677 268 1708 buenda
283 1684 335 1708 est.
360 1678 453 1716 Quod
465 1679 489 1709 si
503 1679 546 1709 ita
558 1685 613 1715 est,
603 1660 779 1709 e’laudabile
791 1677 830 1708 sit
844 1686 962 1706 necesse
974 1681 1037 1706 est·

148 1720 265 1751 bonum
280 1721 373 1762 igitur
388 1731 477 1752 omne
496 1721 669 1752 laudabile:
694 1732 732 1752 ex
753 1731 814 1762 quo
833 1719 971 1756 efficitur,
994 1723 1041 1755 ut,

148 1763 230 1804 quod
254 1763 292 1795 sit
312 1764 485 1803 honestum,
505 1765 537 1795 id
556 1765 594 1795 sit
615 1765 715 1796 solum
736 1765 862 1795 bonum.
895 1761 989 1800 Quod
1010 1760 1043 1791 ni
