1180 1935
195 98 241 130 54
282 97 343 129 DE
369 98 479 130 NAT.
504 97 644 129 DEOR.
669 97 748 129 Lm.
766 97 812 128 II.
835 97 919 129 CAP.
939 97 987 129 18.

191 185 318 216 videtur.
349 185 424 216 Esse
440 185 533 226 igitur
549 185 631 216 Deos
646 185 688 215 ita
703 184 895 226 perspicuum
911 190 966 223 est,
983 190 1028 223 ut,
1045 182 1077 214 id

188 229 242 269 qui
258 235 357 269 neget,
374 229 424 259 vix
441 239 511 259 eum
527 239 606 258 sauae
621 229 731 258 mentis
746 228 926 258 existimem.

233 272 346 302 XVII.
371 272 489 309 Restat,
508 278 554 308 ut,
571 271 668 312 qualis
689 281 793 301 eorum
814 277 922 300 natura
938 270 986 307 sit,
1004 281 1076 301 con-

189 314 372 345 sideremus:
397 315 429 345 in
445 326 506 356 quo
521 314 597 344 nihil
613 320 656 344 est
676 314 837 349 difficilius,
855 324 948 354 quam
970 324 987 343 a
1005 324 1076 344 con-

189 358 348 388 suetudine
363 359 519 388 oculorum
536 358 630 387 aciem
646 358 755 387 mentis
771 357 926 387 abducere.
956 356 1003 386 Ea
1018 357 1077 386 dif-

189 400 306 431 ficultas
321 401 443 430 induxit
458 407 487 431 et
502 401 593 441 vulgo
609 400 774 440 imperitos,
795 406 823 430 et
844 400 956 430 similes
976 400 1076 440 philo-

189 444 299 484 sophos
313 444 535 484 imperitorum,
556 450 600 479 ut,
623 443 680 472 nisi
701 443 804 483 figuris
824 443 985 472 hominum
1006 453 1078 472 con-

188 487 310 523 stitutis,
329 487 404 516 nihil
419 492 539 527 possent
560 486 597 516 de
612 486 681 515 Diis
696 486 918 515 immortalibus
934 485 1074 526 cogitare.

189 529 287 569 Cujus
302 529 451 570 opinionis
466 529 583 566 levitas,
600 529 754 559 confutata
769 539 786 558 a
802 528 902 566 Cotta,
920 538 979 558 non
999 528 1077 558 desi-

187 572 272 602 derat
287 573 453 602 orationem
469 582 579 602 meam.
608 572 678 608 Sed,
700 582 769 601 cum
786 572 877 601 talem
895 582 956 601 esse
971 571 1075 601 Deum

186 616 268 646 certa
289 616 409 645 notione
430 615 525 645 animi
545 615 784 656 praesentiamus,
810 614 956 655 primum,
981 620 1015 644 ut
1038 614 1076 644 sit

186 658 336 696 animans,
354 658 474 694 deinde,
491 664 525 688 ut
539 659 571 688 in
587 658 670 688 omni
686 657 794 688 natura
810 657 887 687 nihil
903 668 937 687 eo
951 657 988 687 sit
1000 668 1077 698 prae-

186 702 336 736 stantius;
361 701 399 731 ad
420 702 498 731 hanc
518 701 750 742 praesensionem
771 700 986 741 notionemque
1007 710 1077 730 nos-

186 750 276 781 tram,
294 744 370 774 nihil
387 744 483 782 video,
505 744 587 785 quod
608 744 708 785 potius
727 743 963 779 accommodem,
981 753 1075 784 quam

185 794 221 817 ut
236 788 371 828 primum
386 788 468 818 hunc
484 787 585 828 ipsum
600 787 765 824 mundum,
779 797 839 828 quo
855 786 930 815 nihil
943 786 1006 816 fieri
1023 796 1076 816 ex-

186 831 343 861 cellentius
358 837 466 871 potest,
486 831 672 861 animantem
689 841 750 860 esse
766 836 795 860 et
811 829 914 859 Deum
927 829 1074 868 judicem.

186 874 262 911 Hic,
279 884 372 914 quam
389 875 479 911 volet,
496 874 648 914 Epicurus
661 875 788 913 jocetur,
806 873 896 902 homo
909 882 969 902 non
982 872 1076 912 aptis-

185 917 280 947 simus
292 917 331 947 ad
343 917 521 956 jocandum,
535 917 722 957 minimeque
735 916 910 956 [resipiens]
924 916 1053 956 patriam
1065 926 1074 951 ;

185 966 215 990 et
229 960 318 997 dicat,
337 971 366 990 se
383 970 442 990 non
458 971 543 1001 posse
561 960 739 1000 intelh'gere,
757 959 854 1000 qualis
876 959 913 988 sit
934 958 1076 988 volubilis

185 1009 215 1033 et
236 1003 382 1033 rotundus
403 1003 507 1033 Deus:
536 1010 637 1033 tamen
659 1014 695 1033 ex
715 1003 781 1037 hoc,
802 1001 884 1042 quod
905 1002 968 1042 ipse
984 1002 1076 1031 etiam

185 1047 306 1087 probat,
323 1056 482 1087 nunquam
499 1057 548 1077 me
564 1046 706 1076 movebit.
739 1046 841 1075 Placet
857 1044 938 1074 enim
955 1044 1000 1073 illi
1015 1055 1078 1074 esse

188 1089 283 1125 Deos,
297 1090 370 1130 quia
384 1099 501 1120 necesse
513 1090 551 1120 sit
562 1095 754 1130 praestantem
767 1099 829 1119 esse
840 1088 975 1128 aliquam
988 1094 1078 1117 natu-

188 1142 266 1169 ram,
285 1133 346 1173 qua
362 1132 439 1162 nihil
455 1133 492 1163 sit
507 1133 624 1163 melius.
650 1132 773 1162 Mundo
789 1137 891 1161 autem
907 1136 985 1160 certe
1000 1130 1077 1160 nihil

189 1181 234 1205 est
253 1175 371 1205 melius.
406 1176 472 1205 Nec
492 1175 633 1212 dubium,
657 1175 743 1216 quin,
765 1174 847 1216 quod
867 1174 1005 1204 animans
1026 1173 1076 1210 sit,

189 1218 361 1259 habeatque
384 1229 505 1249 sensum
529 1225 558 1248 et
582 1219 729 1249 rationem
754 1224 783 1248 et
809 1223 956 1254 mentem,
980 1216 1011 1246 id
1038 1217 1076 1246 sit

189 1261 309 1298 melius,
327 1272 420 1302 quam
436 1262 467 1291 id
483 1262 564 1303 quod
580 1262 626 1292 his
647 1268 753 1292 careat.
788 1262 837 1290 Ita
857 1260 994 1297 efficitur,
1011 1259 1077 1289 ani-

188 1310 336 1342 mantem,
353 1307 466 1341 senssrs,
483 1305 604 1341 mentis,
621 1305 743 1335 rationis
755 1303 906 1334 mundum
920 1313 982 1333 esse
994 1313 1076 1332 com-

188 1353 309 1388 potem:
339 1348 400 1389 qua
421 1348 546 1385 ratione,
569 1348 673 1378 Deum
692 1358 754 1378 esse
772 1346 935 1383 mundum,
955 1346 1077 1376 conclu-

188 1390 281 1421 ditur.
314 1391 373 1421 Sed
389 1391 452 1421 haec
471 1392 562 1431 paulo
582 1397 650 1431 post
669 1391 787 1421 facilius
808 1395 1023 1430 cognoscentur
1038 1398 1077 1419 ex

187 1433 224 1464 iis
240 1435 329 1464 rebus
344 1434 426 1474 ipsis,
444 1445 519 1475 quas
535 1434 670 1464 mundus
686 1434 785 1464 efficit.

231 1476 364 1507 XVIII.
385 1478 516 1515 Interea,
530 1477 641 1513 Vellei,
655 1477 728 1515 noli,
742 1487 855 1518 quaeso,
868 1486 931 1517 prae
942 1481 971 1505 te
986 1475 1075 1513 ferre,

189 1530 241 1550 vos
262 1520 351 1560 plane
372 1526 507 1561 expertes
529 1531 590 1550 esse
605 1520 756 1550 doctrinae.
790 1520 911 1549 Conum
933 1518 999 1555 tibi,
1020 1518 1075 1555 ais,

187 1568 217 1593 et
247 1563 430 1603 cylindrum,
461 1569 490 1593 et
519 1563 709 1603 pyramidem
739 1563 953 1604 pulchriorem,
980 1571 1075 1602 quam

186 1606 349 1646 sphaeram,
366 1606 468 1636 videri.
502 1607 628 1636 Novum
649 1607 740 1636 etiam
756 1606 912 1636 oculorum
925 1605 1076 1644 judicium

186 1648 312 1679 habetis.
338 1649 397 1679 Sed
412 1650 471 1679 sint
486 1650 542 1680 ista
556 1649 738 1690 pulchriora,
752 1649 901 1678 duntaxat
913 1648 1074 1688 adspectu3

187 1691 269 1732 quod
293 1692 370 1721 mihi
394 1699 495 1722 tamen
520 1693 621 1733 ipsum
644 1702 705 1722 nou
730 1692 868 1722 videtur:
898 1691 971 1732 quid
994 1690 1075 1720 enim

186 1735 343 1775 pulchrius
368 1736 403 1767 ea
428 1736 537 1777 figura,
562 1747 631 1778 quae
654 1736 716 1767 sola
742 1746 847 1767 omnes
870 1734 942 1766 alias
965 1734 1078 1774 figuras
