1226 1935
230 118 289 154 170
344 119 467 151 TUSC.
484 119 656 159 QUAEST.
673 119 752 150 111ss.
772 119 819 151 ΙΙ.
843 119 926 151 CM».
947 121 995 151 18.

224 204 312 235 miles
327 204 423 236 facere
443 206 572 247 poterin
596 206 701 237 doctus
722 206 777 237 vir*
788 206 966 247 sapiensque
982 215 1043 237 non
1057 216 1113 247 po-

224 248 293 277 terit
307 250 320 278 ?
346 249 403 279 Ille
419 260 487 279 vero
502 250 622 287 melius,
639 260 673 280 ac
688 260 749 280 non
764 250 856 290 paulo
872 249 1006 290 quidem.

269 291 329 320 Sed
345 291 382 322 de
397 293 611 322 consuetudine
627 293 726 323 adhuc
745 292 963 323 exercitationis
983 293 1112 333 loquor3

224 333 361 364 nondum
382 335 420 365 ‹le
440 336 554 365 ratione
575 342 604 365 et
627 336 782 376 sapientia.
812 336 954 366 Aniculae
975 346 1052 376 saepe
1067 336 1114 365 in-

227 376 326 406 ediam
350 378 478 408 biduum
505 384 557 408 aut
583 379 719 409 triduum
734 379 854 409 ferunt:
880 378 996 408 subduc
1012 379 1114 408 cibum

224 429 322 449 unum
347 420 427 450 diem
452 422 590 451 athlctaez
615 421 727 452 Jovem
750 422 945 462 Olympium,
971 431 1041 451 eum
1065 421 1112 461 ip-v

223 472 303 499 sum,
328 464 375 493 cui
397 474 427 494 se
449 465 607 501 exercebit,
631 464 824 505 implorabit:
850 465 926 494 ferre
946 474 1007 494 non
1027 474 1114 504 posse

223 505 375 536 clamabit.
409 507 642 537 consuetudinis
658 518 770 547 magna
785 508 828 537 vis
844 514 896 538 est.
931 507 1114 537 Pernoctant

224 554 378 579 venatores
404 550 435 579 in
462 550 549 580 nive:
578 551 609 580 in
635 551 790 580 montibus
815 550 862 579 uri
889 559 919 579 se
944 550 1112 590 patiuntur.

224 590 303 621 Inde
322 593 452 632 pugiles,
469 593 607 623 caestibus
623 593 750 628 contusi,
767 603 804 622 ne
819 592 1022 632 ingemiscunt
1045 592 1113 633 qui-

223 633 303 664 dem.
339 635 398 665 Sed
423 636 496 675 quid
521 636 586 673 hos,
613 636 723 676 quibus
751 635 968 676 Olympiorum
991 635 1114 665 victoria

223 677 396 708 consulatus
420 678 471 708 ille
495 679 638 719 antiquus
662 678 804 709 videtur?
838 678 1037 716 Gladiatores,
1061 683 1115 707 aut

222 720 331 759 perditi
347 721 484 751 homines
499 728 552 751 aut
567 721 697 759 barbari,
722 732 797 762 quas
812 721 916 761 plagas
932 721 1086 761 perferunt
1097 722 1112 750 ?

223 762 296 799 Quo
311 764 401 793 modo
417 764 472 800 illi,
497 765 550 805 qui
566 766 642 795 bene
657 765 786 794 instituti
802 770 883 801 sunt,
901 764 1032 804 accipere
1047 764 1114 804 pla-

221 815 293 844 gam
309 807 440 843 malunt,
465 818 557 847 quam
574 807 701 848 turpiter
716 808 808 837 vitare
821 809 834 837 ?
857 817 950 848 quam
967 817 1044 847 saepe
1059 817 1112 847 ap-

222 854 318 888 paret,
342 850 418 879 1111111
435 861 483 880 eos
498 851 600 887 malle,
624 861 718 891 quam
734 851 781 880 vel
797 850 919 880 domino
932 850 1110 886 satisfacere,

222 891 270 920 vel
286 893 424 932 populo?
450 893 582 923 Mittunt
597 893 698 930 etiam,
723 893 897 923 vulneribus
913 892 1049 929 confecti,
1073 892 1113 923 ad

222 933 371 971 dominos,
396 937 449 977 qui
473 942 621 977 quaerant,
646 936 720 977 quid
744 936 855 966 velint:
881 936 905 965 si
925 935 1110 965 satisfactum

222 977 258 1006 iis
274 987 334 1007 non
351 979 398 1015 sit,
423 990 454 1009 se
469 980 545 1009 velle
560 979 747 1009 decumbere.
781 979 859 1016 Quis
875 978 1031 1008 mediocris
1046 978 1112 1018 gla-

222 1019 320 1050 diator
345 1021 518 1061 ingemuit?
552 1023 619 1062 quis
647 1023 766 1052 vultum
792 1022 922 1052 mutavit
948 1022 1111 1061 unquam?

223 1063 290 1103 quis
306 1073 366 1093 non
383 1065 473 1095 modo
494 1066 585 1100 stetit,
608 1075 713 1095 verum
729 1064 820 1094 etiam
840 1064 993 1101 decubuit,
1015 1063 1112 1104 turpi-

222 1108 291 1136 ter?
316 1106 406 1144 Quis,
423 1118 493 1137 011111
509 1108 709 1145 decubuisset,
726 1107 839 1137 ferrum
856 1107 985 1147 recipere
998 1107 1110 1145 jussus,

222 1149 334 1179 collum
360 1151 533 1181 contraxit?
569 1151 707 1180 Tantum
735 1150 917 1187 exercitatio,
944 1149 1111 1186 meditatio,

223 1193 407 1223 consuetudo
424 1194 511 1224 valet.
535 1194 620 1234 Ergo
636 1194 692 1223 hoc
707 1193 817 1234 poterit

266 1254 289 1269 ‘⁶
302 1252 434 1288 Samnis,
460 1264 585 1294 spurcus
610 1253 713 1290 homo,
739 1252 801 1283 vita
821 1251 875 1283 11111
899 1251 1006 1292 dignu'
1032 1251 1111 1282 loco-

352 1297 456 1337 que;''

220 1365 266 1395 vir
286 1372 375 1395 natus
391 1366 429 1395 ad
444 1367 583 1407 gloriam,
601 1367 696 1397 ullam
711 1372 828 1408 partem
845 1365 939 1396 animi
955 1370 1018 1395 tam
1033 1366 1111 1396 mol-

219 1407 280 1437 lem
297 1409 430 1446 habebi't,
455 1420 548 1450 quam
571 1420 631 1440 non
652 1410 847 1440 meditatione
863 1415 891 1439 et
912 1408 1026 1438 ratione
1046 1419 1110 1439 cor-

219 1452 363 1481 roboret?
394 1452 524 1483 Crudele
548 1453 750 1493 gladiatorum
772 1452 988 1492 spectaculum,
1014 1457 1044 1481 et
1063 1452 1111 1481 in-

219 1493 401 1531 humanum,
426 1496 580 1525 nonnullis
604 1496 697 1526 videri
718 1496 810 1526 solet:
836 1501 865 1525 et
888 1494 969 1524 haud
991 1494 1050 1524 scio
1070 1504 1107 1524 an

217 1536 260 1565 ita
280 1537 328 1574 sit,
346 1544 380 1567 ut
396 1548 476 1568 1111110
492 1539 534 1568 fit.
560 1538 640 1568 Cum
656 1549 725 1569 vero
741 1546 839 1569 sontes
854 1538 931 1567 ferro
952 1537 1109 1578 depugna-

218 1579 303 1617 bant,
327 1581 449 1611 auribus
470 1581 593 1612 fortasse
617 1582 733 1618 multae,
759 1581 852 1611 oculis
874 1580 997 1621 quidem
1022 1581 1109 1610 nulla

218 1628 335 1661 poterat
356 1634 418 1654 esse
438 1624 541 1654 fortior
561 1630 664 1655 contra
682 1625 816 1654 dolorem
832 1630 861 1654 et
876 1629 1004 1653 mortem
1020 1623 1108 1653 ‹lisci-

220 1665 313 1704 plina.
814 1665 815 1668 ’

262 1708 394 1739 XVIII.
430 1709 479 1740 De
509 1711 729 1749 exercitatione,
761 1716 790 1741 et
819 1709 1046 1745 consuetudine,
1077 1714 1107 1739 et

219 1752 470 1783 commentatione
491 1753 564 1783 dixi.
587 1754 709 1793 Agesis,
726 1763 807 1784 nunc
823 1754 860 1783 de
875 1753 989 1783 ratione
1005 1751 1106 1782 videa-

218 1803 308 1831 mus3
332 1795 390 1827 nisi
410 1796 484 1837 quid
502 1796 546 1828 vis
562 1797 600 1829 ad
620 1796 694 1830 haec.
729 1797 876 1829 Auditor.
894 1795 1003 1840 Egone
1023 1800 1058 1826 ut
1079 1801 1108 1826 te
