1226 1935
181 60 240 90 152
307 58 430 89 TUSC.
448 57 620 96 QUAEST.
639 58 717 89 11113.
735 59 761 90 1.
779 59 863 91 CAP.
881 62 933 92 49.

172 150 280 176 ornatu
295 144 394 185 regio3
418 143 500 185 quod
516 145 672 176 oraculum
695 150 758 176 erat
772 145 891 186 datum,
908 146 933 177 si
947 157 1000 177 rex
1015 147 1063 177 in-

173 188 313 218 terfectus
336 193 422 225 esset,
451 187 584 218 victrices
609 189 749 219 Athenas
774 189 847 219 fore.
886 190 1061 220 Menoeceus

172 241 242 261 vero
257 240 317 260 non
332 230 582 270 praetermittitur,
599 232 664 271 qui,
681 232 802 262 oraculo
820 232 911 270 edito,
934 233 1062 273 largitus

172 280 216 303 est
231 273 334 313 patriae
351 283 440 302 suum
457 274 645 313 sanguinem.
684 275 847 315 Iphigenia
861 275 976 305 Aulide
991 275 1062 305 duci

172 327 203 346 se
218 316 437 346 immolandam
449 317 548 355 jubet,
571 322 606 346 ut
625 316 759 347 hostium
783 318 905 358 sanguis
926 318 1061 348 eliciatur

171 370 234 389 suo.
260 359 397 389 Veniunt
413 359 482 388 inde
494 359 532 388 ad
548 359 696 400 propiora.

212 402 338 432 XLIX.
372 401 559 432 Harmodius
574 402 606 431 in
621 413 682 441 ore,
700 409 729 433 et
743 403 944 443 Aristogiton,
963 404 1059 434 Lace-

170 445 338 475 daemonius
369 444 530 481 Leonidas,
557 445 724 476 Thebanus
749 446 990 486 Epaminondas,
1017 447 1061 477 vi-

169 493 251 528 gent.
276 488 403 517 Nostros
419 497 479 517 non
495 489 628 523 nOrunt3
654 499 730 528 quos
746 499 922 519 enumerare
932 490 1059 529 longum

170 536 234 567 est;
258 530 300 560 ita
321 536 391 560 sunt
414 530 515 567 multi,
538 531 649 571 quibus
664 531 802 561 videmus
817 532 963 573 optabiles
978 543 1059 562 mor-

169 579 212 603 tes
228 574 319 603 fuisse
335 583 404 603 cum
420 573 524 612 gloria.

212 616 292 654 Quae
313 626 383 646 cum
403 616 445 645 ita
467 616 537 654 sint,
560 616 674 656 magna
695 622 797 646 tamen
822 617 994 658 eloquentia⁴
1016 624 1060 648 est

170 659 330 697 utendum,
352 664 443 699 atque
466 658 519 695 ita,
542 659 625 689 velut
649 659 800 700 superiore
821 660 927 697 eloco,
945 661 1060 691 concio-

169 702 317 738 nandum,
334 707 368 730 ut
388 701 525 731 homines
548 708 677 732 mortem
703 703 750 732 vel
776 709 879 743 optare
902 703 1059 744 incipiant,

170 745 217 774 vel
233 751 310 775 certe
326 744 431 774 timere
446 744 599 775 desistant.
623 745 720 782 Nam,
731 745 756 775 si
768 755 926 785 supremus
936 746 987 776 ille
999 746 1061 776 dies

168 797 229 817 non
253 787 492 825 exstinctionem,
517 787 567 817 sed
591 788 859 818 commutationem
884 789 969 818 affert
990 789 1059 827 loci,

169 830 243 870 quid
259 830 420 870 optabilius
433 832 446 860 ἓ
470 830 524 860 Sin
539 836 641 860 autem
657 831 778 871 perimit
788 842 822 861 ac
833 831 912 861 delet
924 832 1059 869 omnino,

167 873 243 914 quid
267 873 386 909 melius,
409 883 503 913 quam
523 873 555 902 in
575 874 682 903 mediis
698 874 767 903 vitae
779 874 933 904 laboribus
949 875 1058 905 obdor-

167 916 301 953 miscere,
320 916 405 946 etita
420 916 629 946 conniventem
651 926 756 946 somno
779 917 927 957 consopiri
949 917 1059 957 sempi-

167 961 277 989 terno?
302 959 395 996 Quod
418 959 443 988 si
468 958 531 995 fiat,
558 960 665 989 melior
691 959 797 997 Ennii,
825 970 919 1000 quam
940 960 1059 990 Solonis

169 1002 274 1032 oratio.
300 1002 362 1032 Hic
378 1001 459 1031 enim
475 1008 594 1032 noster:

212 1062 234 1078 “
251 1060 353 1090 Nemo
365 1070 414 1090 me
429 1060 570 1100 lacrymis
585 1060 737 1099 decoret,''
755 1061 882 1103 (inquit)
901 1063 922 1079 ‘⁶
939 1071 993 1093 nec
1009 1061 1057 1092 fu-

342 1113 415 1132 nera
430 1103 503 1133 fletu

300 1145 425 1176 Faxit.”

168 1216 215 1246 At
230 1227 299 1247 vero
315 1216 433 1257 sapiens
450 1217 522 1248 ille:

214 1276 237 1293 ‘⁶
254 1275 342 1306 Mors
351 1286 420 1306 mea
431 1286 468 1306 ne
481 1282 578 1306 careat
589 1277 730 1318 lacrymis
744 1289 752 1307 ε
769 1277 944 1319 linquamus
956 1277 1060 1308 amicis

295 1318 472 1357 moerorem,
487 1325 522 1350 ut
537 1320 687 1354 celebrent
699 1320 808 1352 funera
823 1331 892 1351 cum
908 1321 1059 1362 gemitu.”

167 1387 234 1418 Nos
250 1398 330 1425 vero,
348 1388 372 1418 si
393 1388 468 1429 quid.
488 1388 547 1419 tale
567 1389 717 1427 acciderit,
734 1394 768 1419 ut
784 1400 801 1419 a
817 1389 884 1420 Deo
900 1389 1059 1420 denuntia-

166 1437 233 1461 tum
250 1431 386 1462 videatur
401 1438 436 1461 ut
451 1442 594 1461 exeamus
609 1442 626 1461 e
637 1432 710 1470 vit-22,
727 1432 800 1469 laeti,
814 1438 843 1462 et
858 1439 979 1473 agentes
990 1444 1059 1473 gra-

167 1474 234 1511 tias,
251 1484 431 1514 pareamus3
468 1474 626 1515 emittique
646 1485 701 1504 nos
721 1485 737 1505 e
758 1475 904 1514 custodis,
922 1482 952 1505 et
966 1475 1059 1505 levari

166 1516 305 1555 vinculis,
322 1517 514 1555 arbitremur,
536 1524 571 1546 ut
586 1524 639 1547 aut
654 1517 686 1547 in
702 1524 845 1548 aeternam
867 1524 896 1548 et
915 1519 1006 1559 plane
1026 1519 1058 1548 in

165 1566 299 1589 nostram
320 1560 447 1590 domum
471 1560 680 1600 remigremus,
705 1566 758 1590 aut
778 1561 862 1590 omni
884 1571 971 1591 sensu
992 1571 1059 1591 mo-

164 1601 312 1643 lestiaque
327 1613 491 1633 careamus.
527 1603 580 1633 Sin
596 1609 699 1633 autem
719 1603 797 1633 nihil
817 1603 1056 1641 denuntiabitur,

165 1654 199 1673 eo
221 1651 320 1675 tamen
346 1645 440 1675 simus
466 1645 579 1682 animo,
607 1652 642 1676 ut
666 1646 841 1676 horribilem
863 1646 951 1676 illum
974 1646 1055 1676 diem

164 1687 242 1725 aliis,
260 1688 346 1718 nobis
361 1689 496 1718 faustum
513 1694 655 1728 putemus
668 1699 678 1724 ς
703 1689 841 1730 nihilque
852 1689 884 1719 in
899 1689 988 1719 malis
998 1689 1055 1719 du-

164 1739 280 1769 camus,
292 1731 374 1772 quod
385 1731 424 1763 sit
431 1731 478 1762 vel
490 1742 508 1762 a
518 1731 586 1762 Diis
598 1732 833 1771 immortalibus,
847 1732 922 1763 vela
932 1732 1052 1770 natura,
