1226 1935
279 41 340 72 DE
364 42 562 79 FINIBUS,
580 41 659 72 Lm.
674 41 714 72 V.
732 40 816 72 CM».
837 41 885 77 17.
984 41 1026 71 83

137 132 174 157 ut
195 137 241 164 ea,
263 138 332 168 quae
346 127 422 164 dixi,
439 139 533 169 quam
548 128 763 169 perfectissima
778 138 796 157 a
810 127 919 157 natm-{¹2
934 127 1027 157 habc-

137 181 260 205 remus3
284 171 489 201 confitendum
513 178 567 207 est,
585 181 654 201 cum
671 171 701 201 id
717 171 818 210 adepti
834 171 928 200 simus
943 170 1025 210 quod

137 213 307 253 appetitum
324 214 372 250 sit,
389 214 419 243 in
437 225 470 244 eo
486 215 572 255 quasi
585 214 693 244 ultimo
705 214 863 244 consistere
873 220 1026 249 naturam,

137 262 229 296 atque
251 256 281 286 id
303 267 365 286 esse
380 267 536 287 summum
552 259 666 287 bonum
682 268 690 292 ς
716 256 797 297 quod
813 262 890 286 certe
904 256 1027 286 univer-

136 309 205 328 sum
222 299 276 329 sua
292 305 397 340 sponte
412 299 513 340 ipsum
530 301 641 341 expeti,
659 306 688 330 et
705 305 828 341 propter
846 310 887 335 se,
909 309 1026 328 necesse

137 347 191 372 est.
209 342 354 382 quonia-,m
370 349 439 372 ante
454 343 693 374 demonstratum
711 349 765 381 est,
783 342 874 373 etiam
891 342 1026 382 singulas

136 384 201 422 ejus
217 391 315 425 partes
331 396 393 415 csse
408 396 461 426 per
477 397 507 416 se
523 386 715 427 expetendaS.

180 428 218 457 In
235 429 447 458 enumerandis
462 435 564 460 autem
580 429 710 469 corporis
731 426 908 463 commodis,
931 426 1025 466 siquis

134 470 368 510 praetermissam
390 482 408 501 a
428 471 514 501 nobis
536 471 722 511 voluptatem
744 470 874 510 putabit,
891 470 921 499 in
942 470 1026 499 aliud

135 518 257 553 tempus
272 514 398 554 quaestio
414 514 579 543 differatur.
604 514 718 543 Utrum
735 513 816 543 enim
833 513 870 543 sit
886 513 1025 553 voluptas

134 556 165 585 in
193 556 229 586 iis
254 558 342 586 rebus
369 568 444 597 quas
468 557 581 597 primas
606 557 771 587 secundum
799 562 939 586 naturam
965 566 1027 586 esse

133 598 280 635 diximus,
295 609 388 629 necne
403 600 451 635 sit,
465 600 504 629 ad
520 600 550 629 id
566 600 647 640 quod
663 600 793 640 agimus,
805 599 881 629 nihil
894 599 1026 629 interest.

134 642 167 672 Si
184 642 264 672 enim
283 646 330 675 (ut
345 643 421 672 mihi
443 643 566 683 quidem
589 643 720 680 videtur)
742 652 802 673 non
824 643 925 682 explet
945 643 1027 672 bona

131 691 250 714 naturae
266 686 414 726 voluptas,
429 687 497 724 jure
513 686 713 726 praetermissa
725 692 778 716 est.
813 686 866 715 Sin
884 691 927 715 est
942 685 973 714 in
990 686 1026 715 eit

131 728 229 768 (quod
245 728 371 768 quidam
390 729 521 766 volunt),
544 729 621 759 nihil
643 729 771 770 impedit
792 734 924 758 nostram
948 728 1026 758 hanc

131 771 432 811 comprehensionem
448 772 561 801 summi
575 772 655 802 boni.
680 774 760 810 Quae
770 772 851 802 enim
864 771 1026 801 constituta

132 820 203 843 sunt
233 814 332 854 prima
356 820 483 855 naturae,
512 815 550 844 ad
580 826 615 845 ea
645 815 668 845 si
695 815 833 855 voluptas
860 814 1025 850 accesserit,

130 867 230 887 unum
243 856 366 898 aliquod
378 858 532 887 accesserit
544 858 739 887 commodum
752 858 882 897 corporis
896 869 905 892 ς
927 867 1026 897 neque

131 910 200 930 eam
216 900 461 931 constitutionem
478 901 591 931 summi
607 901 690 937 boni,
708 912 777 942 quae
795 907 839 931 est
859 900 1023 941 preposita,

130 943 302 973 mutaverit.

174 986 287 1016 XVII.
322 986 366 1016 Et
381 986 480 1017 adhuc
496 987 620 1028 quidem
636 987 679 1017 ita
694 987 780 1017 nobis
800 997 957 1028 progressa
976 997 1023 1017 ra-

129 1029 172 1059 tio
188 1035 242 1067 est,
259 1036 294 1059 ut
315 1040 349 1059 ea
370 1029 530 1060 duceretur
550 1031 649 1061 omnis
670 1042 688 1060 a
708 1030 808 1071 prima
829 1030 1023 1060 commenda-

131 1073 212 1103 tione
228 1079 354 1103 naturae.
379 1073 410 1102 N
415 1084 473 1104 unc
489 1080 592 1104 autem
608 1074 692 1104 aliud
705 1075 773 1113 jam
790 1073 1023 1113 argumentandi

129 1126 294 1156 sequamur
309 1126 416 1156 genus,
434 1124 467 1146 ut
484 1127 543 1146 non
560 1117 659 1147 solum
682 1117 754 1157 quia
769 1127 823 1146 nos
846 1116 1022 1156 diligamus,

129 1159 181 1189 sed
197 1159 269 1199 quia
284 1160 431 1200 cujusque
446 1161 539 1201 partis
562 1166 678 1190 naturae
699 1166 727 1190 et
746 1160 777 1189 in
797 1170 919 1200 corpore
942 1165 971 1189 et
991 1159 1023 1189 in

128 1202 231 1232 animo
257 1213 311 1232 sua
338 1201 499 1244 [quaequc]
529 1203 573 1233 vis
598 1203 646 1240 sit,
672 1203 782 1233 idcirco
806 1203 837 1232 in
863 1202 909 1232 his
934 1203 1024 1232 rebus

129 1244 296 1286 [summa,]
311 1246 412 1275 nostrii
423 1252 528 1286 sponte
539 1257 725 1277 moveamur.
749 1246 868 1286 Atque,
882 1252 916 1275 ut
928 1256 946 1274 a
957 1256 1022 1275 cor-

126 1299 199 1328 pore
223 1288 333 1325 ordiar,
362 1289 494 1327 videsne,
512 1296 557 1325 ut,
576 1290 600 1319 si
624 1301 686 1331 qua
708 1290 739 1319 in
760 1289 906 1319 meinbiis
929 1299 1024 1329 prava

128 1338 181 1362 aut
196 1331 352 1361 debilitata
367 1338 420 1362 aut
432 1333 596 1363 imminuta
612 1334 682 1369 sint,
694 1333 845 1363 occultent
857 1333 994 1362 homines
1007 1334 1021 1362 ἓ

127 1381 161 1404 ut
177 1375 267 1404 etiam
283 1375 477 1413 contendant,
497 1383 525 1406 et
541 1377 706 1413 elaborent,
724 1376 748 1406 si
765 1375 880 1406 efficere
894 1375 1021 1415 possint,

125 1423 161 1448 ut
176 1424 228 1448 aut
243 1428 305 1448 non
320 1425 463 1459 appareat
479 1420 609 1460 corporis
626 1420 745 1456 vitium,
760 1425 813 1448 aut
825 1429 918 1459 quam
931 1418 1023 1448 mini-

125 1471 213 1492 mum
230 1464 397 1502 appareat?
421 1462 595 1503 multosque
607 1463 698 1493 etiam
715 1462 843 1499 dolores,
860 1461 1023 1492 curationis

126 1504 227 1540 causa,
244 1505 423 1544 perferant?
448 1511 492 1543 ut,
510 1506 534 1535 si
551 1507 614 1547 ipse
635 1517 708 1536 usus
730 1507 939 1535 membrorum
960 1515 1021 1534 non

124 1547 216 1577 modo
240 1557 301 1577 non
324 1549 432 1586 major,
458 1559 564 1579 verum
590 1549 682 1579 etiam
703 1549 804 1578 minor
828 1549 950 1578 futurus
971 1548 1020 1584 sit,

125 1600 231 1621 eorum
243 1596 344 1621 tamen
360 1591 470 1632 species
481 1592 519 1622 ad
529 1599 671 1622 naturam
682 1598 858 1623 revertatur.
884 1591 1022 1627 Etenim,

126 1644 196 1664 cum
209 1644 314 1664 omnes
329 1635 439 1665 natura
455 1641 531 1665 totos
544 1646 574 1666 se
591 1635 774 1677 expetendos
789 1640 908 1676 putent,
927 1644 981 1664 nec
992 1635 1023 1664 id

125 1679 164 1707 ob
186 1676 278 1708 aliam
299 1687 375 1716 rem,
397 1678 449 1709 sed
471 1685 594 1721 propter
619 1679 722 1721 ipsos;
746 1689 865 1711 necesse
887 1683 932 1709 est
958 1679 1023 1718 ejus
