1180 1935
185 103 251 134 390
294 102 355 133 DE
379 102 486 133 NAT.
504 101 639 134 DEOR.
657 100 736 132 Lm.
754 100 800 132 ΙΙ.
818 101 901 132 ΟΑΡ.
913 101 964 138 57.

176 188 357 226 coelestium,
384 199 514 230 quarum
540 188 745 230 spectaculum
769 187 807 217 ad
834 187 956 218 nullum
981 187 1065 218 aliud

175 242 273 271 genus
297 232 499 262 animantium
523 232 660 272 pertinet.
697 233 810 261 Sensus
833 237 947 269 autem,
972 230 1065 261 inter-

175 280 274 314 pretes
289 285 323 305 ac
338 275 436 305 nuntii
458 285 569 311 rerum,
587 275 618 304 in
639 274 745 314 capite,
762 280 918 314 tamquam
937 273 968 303 in
985 283 1063 312 arce,

174 317 301 348 mirifice
316 318 354 347 ad
369 329 440 348 usus
456 317 633 348 necessarios
649 324 677 347 et
692 317 762 347 facti
778 323 807 347 et
825 316 960 346 collocati
981 323 1061 346 sunt.

175 359 259 390 Nam
276 361 366 399 oculi,
380 367 537 401 tamquam
550 361 758 401 speculatores,
770 360 951 389 altissimum
961 359 1061 389 locum

171 403 320 440 obtinent,
347 415 383 434 ex
408 414 468 444 quo
491 404 624 443 plurima
645 403 869 443 conspicienteS,
894 402 1061 442 fungantur

171 456 227 475 suo
250 457 384 477 munere.
428 446 471 476 Et
486 457 583 483 aures,
600 456 670 476 cum
695 455 803 475 sonum
828 445 979 485 percipere
1008 445 1061 475 de-

170 489 271 526 beant,
284 490 337 530 qui
353 489 461 519 natura
477 489 607 519 sublime
617 489 722 525 fertur,
739 494 816 518 recte
830 488 862 517 in
878 488 945 518 altis
955 498 1060 528 corpo-

169 540 239 561 rum
252 532 388 573 partibus
398 532 548 562 collocatae
563 538 648 562 sunt:
672 532 806 572 itemque
816 541 912 568 nares,
930 541 964 560 eo
976 531 1058 571 quod

166 575 270 604 omnis
286 575 358 605 odor
374 574 412 604 ad
427 585 535 615 supera
551 575 656 612 fertur,
674 580 752 604 recte
767 583 886 604 sursum
903 580 991 603 sunt:
1017 579 1057 611 et,

167 618 250 657 quod
267 617 325 647 cibi
341 623 369 647 et
390 618 519 658 potionis
536 618 687 656 judicium
709 627 857 657 magnum
876 626 979 646 earum
1001 622 1056 654 est,

167 668 227 689 non
244 661 307 690 sine
323 661 413 690 causa
428 661 593 691 vicinitates
602 660 660 690 oris
673 666 780 689 secutae
792 666 871 689 sunt.
895 659 917 689 J
920 669 969 689 am
985 670 1057 699 gus-

166 708 258 741 tatus,
283 704 336 744 qui
360 704 468 734 sentire
491 714 606 741 eorum,
631 703 742 744 quibus
764 702 922 740 vescimur,
946 712 1056 742 genera

164 744 265 783 debet,
282 746 399 776 habitat
413 746 444 776 in
461 747 495 776 ea
511 752 595 787 parte
610 747 680 782 oris,
697 745 758 786 qua
778 745 936 775 esculentis
951 751 980 775 et
1000 756 1054 785 po-

163 788 288 819 tulentis
304 790 360 819 iter
375 795 483 819 natura
498 789 646 830 patefecit.
670 788 700 818 Τ
702 794 786 818 actus
801 794 902 818 autem
915 794 977 818 toto
990 798 1053 818 cor-

161 840 234 870 pore
251 833 437 873 aequabiliter
453 832 537 862 fusus
553 838 607 867 est,
621 838 656 862 ut
671 841 774 861 omnes
786 831 873 868 ictus,
887 841 1052 871 omnesque

162 874 272 905 nimios
289 881 318 905 et
339 875 457 915 frigoris
471 881 501 905 et
517 875 622 905 caloris
643 875 799 915 appuisus,
821 874 930 904 sentire
950 885 1050 914 posse-

161 926 241 948 mus.
275 918 394 959 Atque,
417 919 502 948 utin
523 917 654 948 aedificiis
673 917 825 947 architecti
849 923 988 947 avertunt
1010 919 1049 947 ab

159 961 255 991 oculis
278 967 307 991 et
330 961 453 991 naribus
475 961 669 992 dominorum
689 971 734 997 ea,
755 971 834 1000 quae,
856 960 1049 1000 profluentia,

160 1004 325 1034 necessario
346 1005 416 1034 tetri
438 1010 534 1034 essent
555 1003 671 1044 aliquid
692 1003 853 1038 habitura3
878 1002 919 1033 sic
941 1009 1050 1033 natura

157 1056 204 1076 res
220 1047 332 1078 similes
347 1048 452 1087 procul
467 1046 641 1077 amandavit
656 1057 673 1076 a
688 1046 833 1076 sensibus.

201 1089 311 1120 LVII.
336 1090 415 1128 Quis
442 1100 511 1120 vero
537 1089 651 1130 opifex,
678 1095 786 1130 praeter
807 1094 959 1125 naturam,
985 1089 1048 1129 qu‘ffa

156 1131 233 1162 nihil
249 1139 346 1173 potest
361 1144 423 1163 esse
437 1133 585 1169 callidius,
597 1138 712 1162 tantam
729 1132 891 1162 sollertiam
908 1132 1046 1172 persequi

154 1175 300 1215 potuisset
315 1176 346 1205 in
359 1176 518 1206 sensibus?
543 1186 611 1216 quae
626 1175 761 1216 primum
777 1176 878 1205 oculos
893 1176 1045 1205 membra-

154 1217 201 1247 nis
216 1218 399 1249 tenuissimis
414 1218 543 1256 vestivit,
560 1224 590 1248 et
605 1218 714 1266 sepsit.
740 1229 814 1259 quas
830 1218 965 1258 primum
981 1217 1046 1258 pel-

153 1260 268 1291 incidas
283 1262 363 1299 fecit,
379 1270 415 1292 ut
434 1272 487 1303 per
502 1272 551 1291 eas
566 1262 646 1291 cerni
666 1267 787 1302 posset;
812 1261 914 1291 firmas
928 1266 1043 1299 autem,

152 1309 188 1333 ut
202 1305 434 1335 continerentur.
459 1304 518 1335 Sed
528 1305 659 1335 lubricos
672 1304 773 1334 oculos
783 1304 852 1334 fecit
865 1310 893 1334 et
903 1303 1042 1342 mobiles,

151 1352 187 1376 ut
202 1352 231 1377 et
246 1347 440 1385 declinarent,
457 1347 557 1388 siquid
573 1352 710 1382 noceret:
736 1354 765 1376 et
780 1347 967 1387 adspectum,
981 1357 1043 1387 quo

151 1389 273 1428 vellent,
287 1391 373 1421 facile
388 1396 603 1421 converterent.
638 1390 791 1430 Aciesque
810 1390 886 1430 ipsa,
904 1390 966 1430 qua
978 1400 1043 1420 cer-

149 1432 263 1471 nimus,
288 1437 370 1475 (quae
392 1434 509 1474 pupula
530 1439 666 1470 vocatur)
685 1433 727 1463 ita
749 1443 842 1473 parva
861 1438 916 1469 est,
938 1438 973 1462 ut
994 1443 1040 1471 ea,

149 1486 219 1515 quae
239 1486 344 1507 nocere
364 1477 490 1517 possint,
508 1477 595 1507 facile
610 1476 702 1506 vitet:
727 1476 950 1516 palpebraeque,
970 1486 1040 1516 quae

147 1524 219 1548 sunt
234 1524 388 1559 tegmenta
403 1520 572 1557 oculorum,
588 1519 775 1549 mollissimae
787 1524 879 1555 tactu,
896 1529 934 1548 ne
949 1518 1039 1549 laede-

147 1567 214 1591 rent
229 1562 335 1601 aciem,
346 1562 500 1603 aptissime
511 1563 598 1592 factae
608 1568 637 1592 et
648 1562 687 1592 ad
702 1561 882 1592 claudendas
894 1561 1037 1602 pupulas,

145 1613 184 1634 ne
199 1605 273 1645 quid
288 1605 441 1643 incideret,
459 1611 488 1635 et
503 1605 540 1635 ad
556 1604 731 1645 aperiendas
745 1616 752 1634 ε
777 1604 879 1645 idque,
896 1604 1039 1644 providit,

144 1652 179 1676 ut
206 1647 371 1679 identidem
398 1648 462 1678 fieri
488 1655 587 1689 posset
612 1658 683 1678 cum
709 1647 847 1677 maxima
873 1647 1034 1679 celeritate.

143 1689 339 1732 Munitaeque
355 1698 425 1722 sunt
440 1692 592 1732 palpebrae
607 1696 765 1731 tamquam
784 1691 863 1720 vallo
883 1690 1015 1731 pilorum
1028 1701 1036 1719 :

141 1733 265 1772 quibus,
289 1740 318 1764 et
333 1734 442 1775 apertis
458 1735 563 1771 oculis,
579 1734 604 1763 si
624 1734 699 1775 quid
710 1733 864 1769 incideret,
881 1732 1039 1773 repellere-

138 1780 210 1812 t·ur;
238 1783 268 1808 et
283 1788 389 1809 somno
405 1777 645 1816 conniventibus,
663 1787 733 1808 cum
749 1776 844 1808 oculis
859 1776 898 1806 ad
913 1785 1035 1807 ceruen-

1164 823 1170 860 η»
1165 762 1169 813 -2
1163 415 1170 501 ·—-—‹2
