1226 1935
271 56 395 91 TUSC.
411 59 584 98 QUAEST.
603 58 682 90 Iam.
700 58 766 90 111.
792 59 877 90 CAP.
897 59 945 89 15.
995 57 1055 88 195

161 148 356 185 pertractatas
367 145 517 176 humanas
530 155 576 177 res
587 146 716 183 habere3
730 145 807 175 nihil
819 144 973 182 admirari,
987 153 1057 174 cum

161 187 322 260 acgiderit3
339 189 427 228 nihil,
441 196 607 231 antequam
617 189 759 228 evenerit,
773 197 833 218 non
844 188 962 219 evenire
971 197 1057 229 posse

161 239 195 260 ar
217 236 309 261 ltran.

204 292 227 308 ‘⁶
240 290 450 329 Quamobrem
462 302 577 330 omnes,
595 303 666 323 cum
677 291 816 323 secundae
827 301 873 322 res
884 296 956 322 sunt
966 300 1054 320 max-

289 335 361 373 ime,
379 342 447 366 tum
463 336 598 366 maxime

202 375 349 407 Meditari
359 388 460 409 secum
471 385 598 420 oportet,
607 389 668 420 quo
679 383 765 419 pacto
776 377 934 408 advorsam
944 386 1054 407 aerum-

289 430 361 451 nam
377 421 482 452 ferant.

204 462 331 501 Pericla,
357 464 480 503 damna,
505 475 628 506 peregre
652 464 779 502 rediens,
809 473 927 504 semper
951 472 1052 492 secum

288 507 408 547 cogitet,

201 548 270 578 Aut
290 549 345 579 filii
364 557 532 591 peccatum,
553 557 606 581 aut
626 550 730 581 uxoris
744 555 886 587 mortem,
903 554 956 579 aut
970 558 1053 578 mor-

287 593 362 622 bum
379 594 468 624 filiae:
928 598 931 599 ⁷

200 634 387 666 Communia
402 647 464 667 esse
478 637 562 673 haec:
580 647 618 667 ne
633 636 708 678 quid
722 636 834 668 horum
848 644 987 677 unquam
1003 644 1052 664 ac-

285 678 364 709 cidat
379 680 482 710 animo
497 690 612 710 novum
624 691 632 710 ι

199 719 361 762 Quidquid
380 730 488 763 praeter
504 734 588 764 spem
604 722 733 762 eveniat,
756 732 847 753 omne
861 721 894 752 id
908 721 1053 763 deputare

286 775 348 795 esse
364 765 394 795 in
410 766 528 796 luc1·o.’'

198 834 272 865 XV.
297 835 381 876 Ergo
395 836 452 866 hoc
464 836 639 873 Terentius,
657 846 674 866 a
689 835 883 876 philosophia}
899 840 1049 872 sumtum,

156 887 226 907 cum
243 885 306 908 tam
327 879 485 910 commode
506 879 626 916 dixerit,
644 889 710 917 nos,
733 890 748 909 e
764 889 896 920 quorum
916 878 1052 908 fontibus

155 920 187 950 id
202 921 346 952 haustum
363 929 417 959 est,
440 933 500 952 non
523 929 552 952 et
572 922 708 952 dicemus
727 922 784 952 hoc
799 922 918 959 melius,
936 927 965 951 et
981 931 1052 951 con-

154 965 283 995 stantius
299 966 462 996 sentiemus
475 967 488 996 Ρ
513 966 575 995 Hic
590 972 634 996 est
649 965 730 995 enim
747 965 798 995 ille
814 965 916 995 vultus
932 974 1051 1005 semper

154 1006 247 1045 idem,
272 1018 364 1049 quem
389 1008 498 1039 dicitur
521 1009 701 1049 Xanthippe
724 1008 886 1049 praedicare
911 1007 999 1038 solita
1019 1007 1051 1037 in

147 1050 218 1081 .viro
245 1061 299 1081 suo
326 1052 417 1082 fuisse
444 1052 585 1088 Socrate3
610 1051 715 1082 eodem
742 1061 860 1092 semper
886 1061 917 1081 se
941 1050 1051 1080 vidisse

154 1100 316 1125 exeuntem
332 1095 421 1124 ilium
437 1095 539 1131 domo,
557 1101 586 1125 et
602 1100 809 1125 revertentem.
848 1094 880 1124 N
884 1104 916 1124 ec
931 1104 1000 1124 vero
1015 1104 1051 1124 ea

152 1136 236 1167 frons
252 1144 325 1175 erat,
350 1149 419 1179 quae
436 1138 483 1168 M.
499 1138 599 1168 Crassi
614 1138 697 1168 illius
713 1138 831 1175 veteris,
848 1147 940 1178 quem
958 1137 1051 1167 semel

150 1179 193 1210 ait
207 1180 239 1210 in
260 1181 344 1211 omni
367 1181 429 1211 vit&
450 1181 547 1212 risisse
564 1181 724 1217 Luciliu53
749 1181 801 1211 sed
822 1180 997 1221 tranquilla,
1022 1185 1052 1210 et

149 1232 272 1254 serena:
297 1224 339 1255 sic
359 1224 441 1254 enim
464 1224 645 1265 accepimus.
681 1224 760 1254 Jure
775 1229 878 1254 autem
894 1228 957 1253 erat
972 1233 1051 1253 sem-

148 1276 201 1306 per
216 1266 297 1297 idem
314 1267 428 1305 vultus,
446 1278 517 1298 cum
529 1267 651 1305 mentis,
668 1277 686 1297 a
696 1267 758 1308 quir
769 1267 794 1297 is
807 1266 944 1307 fingitur,
961 1266 1048 1296 nulla

147 1309 230 1340 fieret
251 1311 391 1340 mutatio.
426 1310 532 1348 Quare
554 1311 667 1352 accipio
683 1310 824 1351 equidem
839 1320 858 1340 a
873 1309 1047 1350 Cyrenaicis

147 1351 213 1383 haec
227 1363 312 1383 arma
328 1359 431 1384 contra
446 1364 531 1384 casus
547 1360 577 1384 et
592 1359 727 1391 eventus,
746 1354 858 1394 quibus
873 1363 978 1383 eorum
994 1352 1048 1382 ad-

147 1396 300 1427 venientes
314 1397 447 1438 impetus
462 1397 610 1427 diuturne
630 1397 889 1437 praemeditatione
904 1396 1047 1436 frangan-

148 1443 218 1469 tur:
243 1440 396 1481 simulque
414 1440 530 1480 judico,
556 1441 675 1471 malum
699 1439 777 1470 illud
799 1439 949 1481 opinionis
973 1449 1046 1476 esse,

151 1490 212 1511 non
229 1489 354 1513 naturae.

190 1525 223 1555 Si
243 1525 323 1555 enim
344 1526 376 1556 in
397 1537 428 1557 re
449 1531 557 1563 essent,
580 1537 633 1557 cur
650 1525 755 1556 fierent
770 1526 890 1567 provisa
904 1525 1044 1555 leviora?

146 1567 206 1598 Sed
222 1574 276 1604 est,
289 1568 395 1599 iisdem
411 1569 448 1600 de
460 1571 550 1600 rebus
566 1569 649 1611 quod
665 1570 724 1600 dici
739 1569 833 1611 possit
849 1568 1002 1605 subtilius,
1021 1567 1046 1598 si

146 1611 230 1652 prius
246 1611 374 1652 Epicuri
389 1613 569 1643 sententiam
586 1613 771 1649 viderimus;
797 1612 850 1653 qui
866 1618 976 1647 censet,
993 1620 1046 1641 ne-

149 1664 229 1684 cesse
249 1664 311 1685 esse
331 1665 435 1686 omnes
449 1656 481 1686 in
498 1656 677 1697 aegritudine
698 1667 771 1693 esse,
794 1655 848 1696 qui
864 1665 894 1686 se
909 1655 940 1684 in
956 1654 1047 1684 malis

150 1707 213 1727 esse
233 1698 427 1737 arbitrentur,
451 1699 512 1730 sive
533 1699 586 1729 ina
607 1707 677 1730 ante
697 1699 816 1740 provisa
831 1705 861 1728 et
876 1703 1048 1738 exspectata

149 1740 221 1779 sint,
237 1741 299 1772 sive
313 1741 564 1773 inveteraverint:
589 1752 663 1773 nam
677 1752 777 1784 neque
788 1746 936 1773 vetustate
947 1740 1048 1771 minui
