1226 1935
200 80 263 110 ‘26ss
330 79 456 111 TUSC..
472 78 646 117 QUAEST.
663 77 742 108 Lm.
754 77 795 108 V.
813 76 896 107 CAP.
912 77 961 106 15.

202 166 292 196 Nihil
314 166 396 196 enim
417 166 637 201 interarescere,
659 164 737 194 nihil
760 161 923 203 exstingui,
945 161 1021 192 nihil
1041 170 1092 192 ca-

200 209 270 239 dere
294 209 382 239 debet
409 219 524 247 eorum,
552 208 584 237 in
612 207 723 248 quibus
746 206 808 236 vita
833 207 921 235 beata
947 204 1090 235 consistit.

203 253 298 289 Nam,
321 252 375 293 qui
390 251 509 281 timebit
529 261 566 281 ne
588 250 663 291 quid
683 260 721 280 ex
742 249 789 279 his
809 247 963 289 deperdat,
984 249 1091 278 beatus

202 306 263 325 esse
279 305 339 325 non
355 295 474 335 poterit.

246 338 399 368 Volumus
415 337 508 375 enim,
526 347 608 374 eum,
626 336 680 377 qui
699 337 804 366 beatus
825 334 874 371 sit,
894 339 996 365 tutum
1018 344 1091 371 esse,

203 381 486 422 inexpugnabilem,
512 385 632 421 septum
656 386 748 420 atque
770 378 947 413 inunitum;
973 387 1033 407 non
1059 383 1096 407 ut

202 435 295 465 parvo
310 430 393 454 metu
409 423 553 464 praeditus
569 423 617 460 sit,
640 422 691 451 sed
712 428 746 452 ut
765 422 859 451 nullo.
892 421 937 451 Ut
952 420 1033 450 enim
1049 419 1096 449 in-

203 478 311 498 nocens
327 467 351 497 is
370 467 490 503 dicitur,
507 476 568 496 non
584 465 637 506 qui
652 465 756 495 leviter
771 470 867 501 nocet,
882 463 932 493 sed
948 463 1003 504 qui
1018 463 1097 492 nihil

204 516 310 545 nocet3
336 510 376 539 sic
392 509 455 539 sine
467 515 550 539 metu
566 509 591 538 is
603 507 760 537 habendus
776 513 830 544 est,
847 517 907 536 non
918 506 971 547 qui
987 516 1096 546 parum

203 553 323 589 metuit,
341 552 391 582 sed
407 553 461 593 qui
476 551 601 582 omnino
619 557 702 580 metu
725 556 819 580 vacat.
853 550 933 587 Quae
952 555 995 579 est
1014 549 1097 579 enim

204 597 263 626 alia
284 595 439 631 fortitudo,
462 595 520 624 nisi
545 594 640 624 animi
662 592 790 629 affectio,
815 603 885 622 cum
905 592 937 621 in
958 591 1098 622 adeundo

207 639 339 680 periculo
360 644 389 668 et
408 638 439 667 in
461 638 563 667 labore
578 647 612 667 ac
633 636 735 666 dolore
755 635 884 676 patiens,
906 641 973 665 tum
994 633 1099 676 procul

209 684 248 713 ab
264 681 349 712 omni
364 686 448 711 metu
461 683 474 711 i>

250 728 357 765 Atque
378 724 442 754 haec
462 728 540 754 certe
560 732 621 753 non
641 722 684 752 ita
704 732 735 752 se
754 722 911 759 haberent,
932 720 990 750 nisi
1010 730 1101 751 omne

207 770 324 799 bonum
353 767 385 796 in
413 767 475 797 uns
500 766 655 796 honestate
684 765 864 795 consisteret.
903 764 968 802 Qui
998 770 1102 794 autem

208 812 294 842 illam
325 810 460 840 maxime
489 815 624 850 optatam
656 814 685 838 et
714 808 879 848 expetitam
910 807 1101 837 securitatem

213 854 417 889 (securitatem
450 859 552 883 autem
574 862 655 882 nunc
674 851 794 891 appello
814 851 995 881 vacuitatem
1016 850 1104 890 aegri-

211 897 335 934 tudinis,
361 897 392 926 in
418 896 480 937 qua⁴
504 896 566 925 vita
590 897 677 925 beata
698 894 795 934 posita
817 900 873 929 est)
888 893 998 923 habere
1019 894 1104 934 quis-

212 951 305 982 quam
328 945 436 980 potest,
460 939 508 968 cui
529 944 582 969 aut
604 938 681 967 adsit
696 943 749 967 aut
769 937 870 967 adesse
890 937 983 978 possit
998 937 1104 966 multi-

211 984 286 1014 tudo
308 983 486 1012 malorum?
518 982 583 1019 Qui
608 987 710 1010 autem
735 980 844 1020 poterit
868 990 929 1010 esse
954 980 1050 1009 celsus
1075 985 1106 1010 et

213 1032 339 1063 erectus,
357 1031 386 1055 et
401 1036 447 1062 ea,
465 1035 533 1065 quae
554 1024 671 1054 homini
693 1023 824 1053 accidere
844 1028 980 1064 possunt,
1002 1023 1106 1052 omnia

214 1080 308 1111 parva
323 1069 446 1105 ducens,
464 1068 599 1108 (qualem
616 1067 781 1107 sapientem
801 1077 862 1096 esse
879 1066 1032 1102 volumus)
1049 1066 1108 1096 nisi

213 1112 316 1143 omnia
332 1111 388 1141 sibi
408 1111 440 1140 in
457 1121 487 1141 se
502 1110 598 1151 posita
619 1109 749 1140 censebit
763 1111 776 1140 9
800 1109 854 1139 An
871 1109 1107 1147 Lacedaemonii,

216 1155 360 1196 Philippo
376 1154 535 1184 minitante
549 1164 603 1194 per
618 1153 729 1190 literas,
747 1163 777 1183 se
797 1152 911 1190 onmia,
934 1162 1003 1193 quae
1019 1162 1108 1183 cona-

217 1205 332 1235 rentur,
363 1197 601 1238 prohibiturum,
628 1196 843 1237 quaesiverunt,
869 1205 945 1225 num
972 1205 1002 1225 se
1034 1201 1109 1226 esset

216 1242 307 1272 etiam
320 1240 398 1271 mori
409 1240 616 1281 prohibiturus
629 1251 636 1269 ι
654 1239 698 1269 vir
709 1239 745 1276 iS,
757 1249 849 1279 quem
862 1238 1037 1279 quaerimus,
1048 1248 1110 1268 non

220 1285 319 1315 multo
346 1283 464 1313 facilius
485 1283 538 1313 tali
562 1282 664 1312 animo
688 1282 863 1322 reperietur,
887 1291 981 1322 quam
1008 1281 1112 1312 civitas

218 1328 359 1358 universa
372 1329 385 1357 ’ἐ
410 1325 496 1364 Quid
510 1328 523 1356 Ρ
547 1326 585 1355 ad
600 1326 679 1355 hanc
699 1324 919 1362 fortitudinem,
937 1324 974 1354 de
989 1324 1051 1364 qua
1065 1325 1111 1354 lo-

220 1371 357 1412 quimur,
381 1369 582 1409 temperantia
602 1366 756 1407 adjuncta,
778 1378 847 1408 quae
869 1367 907 1397 sit
928 1367 1112 1398 moderatrix

219 1413 359 1444 omnium
375 1412 626 1448 commotionum,
644 1411 718 1452 quid
738 1416 836 1452 potest
855 1410 894 1440 ad
908 1411 995 1440 beate
1009 1410 1113 1440 viven-

221 1456 296 1486 dum
323 1456 424 1485 deesse
445 1455 483 1492 ei,
505 1465 598 1496 quem
620 1454 766 1484 fortitudo
786 1455 824 1484 ab
846 1453 1024 1493 aegritudine
1046 1459 1075 1483 et
1095 1464 1114 1484 a

221 1506 305 1530 metu
330 1498 480 1533 vindicet3
505 1497 704 1538 temperantia
725 1503 792 1527 tum
813 1507 830 1526 a
853 1496 979 1526 libidine
999 1502 1113 1534 avocet,

223 1548 291 1572 tum
307 1541 447 1571 insolenti
463 1541 614 1571 alacritate
630 1540 737 1581 gestire
752 1550 813 1570 non
830 1540 932 1570 sinat?
957 1539 1034 1569 Haec
1052 1539 1116 1569 effi-

225 1596 290 1616 cere
317 1585 460 1615 virtutem
487 1584 685 1623 ostenderem,
708 1583 766 1614 nisi
787 1582 990 1624 superioribus
1010 1582 1117 1614 diebus

227 1634 324 1659 essent
340 1627 497 1668 explicata.

271 1671 345 1701 XV.
370 1671 482 1711 Atqui,
505 1681 575 1700 cum
591 1669 832 1711 perturbationes
847 1668 942 1698 animi
964 1668 1118 1707 miseram,

228 1713 396 1745 sedationes
408 1720 509 1743 autem
522 1713 615 1743 vitam
634 1713 764 1743 efficiant
782 1714 923 1747 beatam;
947 1712 1122 1753 duplexque

230 1757 305 1788 ratio
329 1756 562 1798 perturbationis
584 1756 632 1792 sit,
654 1755 738 1797 quod
758 1755 904 1796 {egritudo
925 1760 954 1785 et
973 1761 1071 1786 metus
1092 1754 1123 1785 in

1215 1586 1221 1747 ἓ

1217 1760 1222 1870 ἒ

1219 1886 1226 1935 1
