1226 1935
247 59 308 91 DE
332 60 412 91 FIN
416 59 530 98 1BUS,
548 59 627 90 Lm.
646 59 705 91 IV.
724 59 808 91 Cm‘.
821 62 852 91 3.
951 61 994 91 33

106 145 213 187 phiam
225 151 283 177 tres
297 146 329 176 in
344 152 443 187 partes
453 146 620 176 diviserunt
632 157 641 176 ι
666 156 760 187 quam
772 146 962 186 partitionem
980 157 998 176 a

110 189 234 219 Zenone
255 195 401 219 retentam
424 199 486 220 esse
507 190 653 219 videmus.
683 190 825 226 Quarum
846 200 916 219 curn
938 199 1000 219 una.

108 232 159 269 sit,
176 232 238 272 qua
249 242 346 262 mores
361 232 541 262 conformari
552 238 710 273 putantur,
723 231 828 261 differo
843 242 909 262 eam
931 242 999 272 par-

110 280 184 311 tem,
209 285 277 315 quae
293 275 379 316 quasi
395 275 482 315 stirps
499 281 541 305 est
556 276 649 314 hujus
663 275 845 314 quaestionis.
881 274 947 312 Qui
962 274 1001 304 sit

110 317 192 348 enim
216 317 284 347 finis
304 319 463 355 bonorum,
485 328 577 347 mox:
602 318 658 348 hoc
674 318 738 347 loco
753 323 873 347 tantum
888 317 965 354 dico,
983 327 1002 347 a

110 360 260 390 veteribus
277 361 492 401 Peripateticis,
509 360 772 401 Academicisque,
793 361 857 401 qui,
877 371 908 390 re
929 370 1000 390 con-

111 403 282 441 sentientes,
299 404 452 433 vocabulis
471 403 660 440 differebant,
682 413 752 433 eum
771 404 884 441 locum,
907 413 1001 444 quem

109 446 230 476 civilem
254 452 332 476 recte
355 447 536 487 appellaturi
557 446 706 485 videmur,
724 446 823 476 Graeci
843 453 1000 484 πολιτικον,

109 489 251 528 graviter,
267 496 297 519 et
311 489 429 530 copiose
444 500 505 519 esse
520 496 691 519 tractatum.

158 531 221 561 111.
254 532 359 569 Quam
380 533 478 562 multa
500 532 545 562 illi
565 532 602 562 de
622 532 777 573 republica
796 531 999 573 scripserunt!

111 584 206 614 quam
228 575 327 604 multa
349 575 386 604 de
407 575 545 615 legibus!
571 585 665 616 quam
687 576 796 611 multa,
819 585 879 605 non
903 575 1002 605 solum

112 624 261 658 praecepta
276 618 307 647 in
322 617 448 655 artibus,
466 618 518 648 sed
539 618 629 647 etiam
652 618 792 659 exempla
813 618 845 648 in
860 617 1003 647 orationi-

113 661 170 690 bus
186 662 262 690 bene
287 660 416 698 dicendi,
442 661 650 701 reliquerunt!
677 661 817 690 Primum
834 661 915 691 enim
938 660 1003 701 ipsa

112 702 177 740 illa,
196 714 266 744 quae
288 703 438 734 subtiliter
457 704 628 733 disserenda
649 711 744 742 erant,
761 704 853 744 polite
874 710 1004 744 apteque

112 745 266 783 dixerunt,
288 757 358 776 cum
373 746 559 783 definientes,
576 753 642 777 tum
663 747 844 787 partientes,
836 757 844 765 ·
869 753 904 777 ut
915 746 1005 776 vestri

113 788 226 819 etiam·
259 788 310 819 sed
334 799 385 819 vos
408 789 596 829 squalidius·
588 812 597 826 ‚
631 790 765 828 illorum,
791 789 884 827 vides,
910 800 1005 830 quam

113 831 208 861 niteat
220 832 325 862 oratio.
351 831 470 861 Deinde
483 842 529 868 ea,
545 843 615 872 quae
629 833 822 873 requirebant
837 833 1005 863 orationem

115 882 253 904 ornatam
274 881 303 905 et
323 885 457 914 gravem,
480 885 574 916 quam
593 875 754 915 magnifice
776 882 846 905 sunt
865 875 946 905 dicta
965 876 1004 905 ab

115 917 194 947 illis!
220 928 314 958 quam
323 917 501 958 splendide!
525 917 563 947 de
575 918 705 956 justum,
714 918 753 948 de
764 918 951 955 fortitudine,
967 918 1006 948 de

115 960 260 998 amicitia,
279 960 317 990 de
338 966 424 990 aetate
442 960 591 1000 degenda,
616 960 654 991 de
673 961 875 1002 philosophia,
897 961 935 990 de
955 971 1005 991 ca-

116 1003 262 1043 pessenda
286 1003 451 1044 republica,
470 1003 508 1033 de
526 1004 737 1044 temperantia,
756 1004 794 1034 de
817 1003 1004 1041 fortitudine,

116 1046 276 1076 hominum
299 1046 316 1062 ¹
342 1046 359 1062 ⁸
382 1046 419 1076 de
438 1046 538 1086 spinas
562 1046 751 1085 vellentium,
771 1052 806 1077 ut
826 1046 931 1085 Stoici,
950 1056 1006 1077 nec

114 1099 182 1119 ossa
196 1089 390 1127 nudantium,
407 1089 459 1119 sed
473 1099 590 1126 eorum,
606 1089 661 1130 qm·
676 1089 802 1130 grandia
819 1095 923 1120 ornate
943 1090 1006 1120 vel-

115 1132 191 1170 lent⁷
208 1132 361 1162 enucleate
383 1132 513 1171 minora,
529 1132 635 1162 dicere.
660 1133 769 1175 Itaque
783 1143 854 1174 quae
869 1138 939 1163 sunt
955 1143 1006 1163 eo-

119 1185 188 1205 rum
213 1175 428 1206 consolationes
439 1177 453 1206 ἓ
477 1186 546 1217 quae
560 1175 803 1206 cohortationes?
827 1186 896 1216 quae
914 1175 1007 1206 etiam

117 1218 234 1248 monita
251 1225 281 1248 et
299 1218 434 1257 consilia,
455 1218 565 1259 scripta
585 1218 625 1248 ad
645 1229 781 1249 summos
801 1218 905 1249 viros?
929 1218 1008 1248 Erat.

117 1261 200 1291 enim
216 1260 298 1301 apud
312 1271 373 1298 eos,
390 1267 425 1291 ut
439 1267 483 1291 est
497 1271 598 1291 rerum
613 1261 748 1302 ipsarum
764 1267 883 1300 natura,
901 1261 942 1291 sic
961 1261 1008 1291 di-

118 1303 205 1334 cendi
227 1304 409 1342 exercitatio,
426 1304 550 1352 duplex.
582 1304 668 1334 Nam
682 1304 833 1352 quidquid
848 1304 1006 1345 quaeritur,

117 1346 150 1376 id
164 1347 254 1377 habet
268 1355 322 1377 aut
335 1347 451 1387 generis
473 1346 568 1387 ipsius
581 1347 646 1377 sine
659 1348 793 1388 personis
807 1347 1009 1389 temporibus-

119 1400 192 1430 que,
219 1396 284 1427 aut,
307 1389 344 1420 iis
364 1390 525 1429 adjunctis,
541 1390 613 1420 facti
627 1396 681 1420 aut
696 1390 774 1430 juris
792 1396 847 1421 aut
863 1390 1007 1429 nominis,

119 1433 361 1463 controversiam.
393 1432 478 1473 Ergo
499 1433 531 1462 in
554 1439 684 1473 utroque
698 1434 935 1464 exercebantur.
959 1444 1009 1463 ea-

118 1486 180 1515 que
191 1475 348 1524 disciplina
357 1475 454 1506 effecit
462 1482 578 1506 tantam
587 1476 711 1506 illorum
721 1482 851 1517 utroque
859 1477 891 1507 in
900 1486 1009 1518 genere

119 1517 239 1548 dicendi
252 1519 380 1559 copiam.

163 1561 282 1592 Totum
296 1572 392 1602 genus
405 1561 463 1592 hoc
477 1568 507 1593 et
521 1562 616 1601 Zeno,
637 1568 668 1592 et
681 1563 721 1593 ab
736 1572 771 1593 eo
785 1562 840 1604 qui
854 1568 937 1602 sunt,
955 1567 1009 1593 aut

122 1613 184 1634 non
213 1610 378 1645 potuerunt
404 1610 458 1635 aut
486 1606 660 1644 noluerunt,
689 1612 771 1637 certe
798 1605 852 1636 reli
854 1611 1009 1647 querunt:

121 1657 313 1720 quamquam
343 1647 461 1688 scripsit
495 1654 591 1679 artem
622 1648 800 1680 rhetoricam
835 1648 1009 1686 Cleanthes,

142 1689 313 1739 'hrysippus
341 1691 443 1729 etiam,
467 1691 519 1722 sed
541 1691 593 1730 sic,
608 1698 655 1728 ut,
677 1691 701 1722 si
720 1692 789 1733 quis
808 1693 1013 1722 obmutescere

125 1733 322 1775 concupierit,
338 1733 416 1765 nihil
430 1733 515 1766 aliud
528 1734 626 1776 legere
641 1734 757 1767 debeat.
792 1735 902 1776 Itaque
917 1734 1010 1773 vides,
