1180 1935
139 44 201 77 DE
225 46 332 78 NAT.
357 47 493 80 DEOR.
518 48 597 79 Lm.
616 48 662 79 11.
686 47 770 79 CAP.
787 47 838 83 67.
879 47 943 79 399

58 140 134 172 quas
156 131 319 164 diuturnus
340 143 412 164 usus
435 134 478 164 ita
500 134 625 173 notavit,
649 138 684 164 ut
708 140 803 164 artem
826 132 944 163 divina-

58 174 147 204 tionis
163 175 298 206 efficeret.
330 176 432 206 Nemo
447 176 540 216 igitur
554 177 599 206 vir
614 186 744 216 magnus
762 176 825 206 sine
840 176 943 216 aliquo

57 216 162 247 afflatu
178 218 280 248 divino
295 229 433 259 unquam
448 219 516 249 fuit.

100 259 133 289 N
136 270 168 290 ec
182 270 252 291 vero
267 261 309 291 ita
324 261 521 292 refellendum
537 267 592 299 est,
613 266 659 297 ut,
680 261 704 291 si
723 262 873 300 segetibus
889 266 942 291 aut

58 301 165 332 vinetis
185 304 355 344 cujuspiam
376 310 535 345 tempestas
557 304 703 340 nocuerit,
720 310 773 333 aut
794 304 818 334 si
838 304 910 344 quid
926 314 943 334 e

58 344 127 374 vitae
147 346 312 377 commodis
332 358 417 377 casus
438 347 606 383 abstulerit,
629 357 711 383 eum,
731 346 779 376 cui
798 346 872 386 quid
888 346 943 376 ho-

56 397 127 417 rum
149 388 297 426 acciderit,
321 396 374 419 aut
396 389 528 419 invisum
552 389 630 426 Deo,
656 395 708 419 aut
732 389 903 428 neglectum
925 399 943 419 a

57 429 136 468 Deo,
155 431 336 469 judicemus.
370 432 488 472 Magna
510 432 563 462 Dii
584 437 710 467 curant;
736 442 829 471 parva
846 431 943 470 negli-

56 479 143 512 gunt.
171 474 296 514 Magnis
311 481 414 505 autem
430 475 499 505 viris
514 485 654 516 prospere
670 485 786 514 semper
802 474 944 504 eveniunt

55 525 161 546 omnes
177 527 242 553 res;
267 518 291 548 si
311 518 435 558 quidem
456 518 526 548 satis
547 528 565 547 a
585 517 704 553 nostris,
727 523 756 547 et
776 527 794 546 a
808 517 943 556 principe

56 558 307 600 philosophorum
317 563 448 598 Socrate,
460 560 576 591 dictum
588 566 632 590 est
641 560 679 590 de
688 560 875 590 ubertatibus
885 559 944 589 vir-

57 601 131 631 tutis
147 608 175 631 et
189 603 290 643 copiis.

101 644 244 675 LXVII.
273 646 350 676 Haec
371 646 447 676 mihi
471 645 532 676 fere
555 646 587 675 in
611 652 744 675 mentem
769 645 941 683 veniebant,

57 697 127 727 quae
141 687 266 718 dicenda
281 695 419 729 putarem
440 688 477 718 de
498 687 618 719 Natura
638 688 785 718 Deorum.
819 688 870 717 Tu
887 699 942 718 au-

57 735 132 767 tem,
157 731 258 769 Cotta,
284 731 308 761 si
332 741 381 761 me
406 731 520 769 audias,
545 731 682 761 eamdem
706 741 826 760 causam
848 741 941 770 agas;

57 778 147 813 teque
163 779 192 803 et
206 774 373 815 principem
388 774 484 804 civem
500 780 529 804 et
544 774 716 814 pontificem
732 784 794 803 esse
809 773 940 813 cogites·
930 796 940 810 ,

57 822 98 853 et,
115 816 259 856 quoniam
274 817 306 847 in
327 823 488 857 utramque
507 823 623 857 partem
645 817 729 846 vobis
749 817 818 847 licet
838 816 943 856 dispu-

57 863 132 895 tare,
148 859 226 889 hanc
246 860 346 900 potius
366 870 486 889 sumas·
511 869 639 900 eamque
658 859 833 889 facultatem
849 859 942 889 disse-

57 901 154 939 rendi,
182 912 275 942 quam
302 902 356 932 tibi
383 913 401 932 a
426 902 578 932 rhetoricis
606 901 866 932 exercitationibus
893 912 942 932 ac-

57 950 174 984 ceptam
190 945 386 985 amplificavit
400 945 579 980 Academia,
596 945 655 975 huc
675 945 775 985 potius
796 944 940 975 conferas.

58 986 147 1017 Mala
162 987 243 1017 enim
259 994 288 1018 et
302 988 398 1028 impia
412 988 595 1018 consuetudo
611 993 654 1017 est
669 993 771 1017 contra
786 987 868 1019 Deos
880 987 940 1018 dis-

56 1030 197 1071 putandi,
213 1030 274 1063 sive
289 1041 327 1063 ex
341 1031 443 1064 animo
458 1031 490 1062 id
505 1030 550 1072 fit,
566 1030 628 1062 sive
642 1030 791 1062 simulate.
