1226 1935
253 88 376 120 TUSC.
393 89 563 128 QUAEST.
581 89 659 119 11113.
677 88 736 119 1v.
761 88 846 119 CAP.
863 88 893 117 8.
953 87 1016 118 223

132 174 196 204 ficri
217 179 245 204 et
268 175 416 215 opinione.
451 176 559 217 Itaque
582 185 630 206 eas
650 174 800 205 definiunt
820 173 960 215 pressius,
983 178 1019 203 ut

132 217 328 257 intelligatur,
341 229 400 249 non
412 219 502 249 modo
515 229 608 260 quam
621 218 744 255 vitiosae,
757 217 809 248 sed
818 217 909 247 etiam
924 226 1018 256 quam

133 260 163 289 in
185 261 285 290 nostra
309 261 368 292 sint
388 268 542 303 potestate.
577 261 634 292 Est
649 261 741 302 igitur
756 259 902 301 aegritudo
917 259 1019 299 opinio

133 313 233 333 recens
257 305 329 334 mali
353 305 516 345 praesentis,
541 305 572 334 in
596 315 657 345 quo
679 303 797 334 demitti
821 302 1017 342 contrahique

134 346 236 375 animo
258 354 371 377 rectum
393 359 455 378 esse
476 348 629 378 videatur:
655 347 770 383 laetitia,
793 345 896 385 opinio
920 354 1021 374 recens

133 389 205 418 boni
225 391 389 430 praesentis,
413 391 443 420 in
460 401 521 431 quo
536 390 633 421 efferri
653 395 768 420 rectum
784 399 846 419 esse
862 388 1018 418 videatur:

134 437 244 467 metus,
268 433 369 473 opinio
393 433 596 474 impendentis
619 433 704 469 mali,
729 431 811 473 quod
834 430 1022 461 intolerabile

134 485 196 504 esse
211 475 366 506 videatur:
391 477 496 515 libido,
520 476 621 517 opinio
642 476 759 506 venturi
780 474 863 512 boni,
885 473 968 514 quod
983 472 1022 503 sit

135 527 172 547 ex
197 528 253 547 usu
272 520 337 558 jam
362 530 491 560 praesens
515 530 578 549 esse
601 526 692 560 atque
715 518 824 549 adesse.
867 517 926 546 Sed
953 527 1022 556 quae

131 560 257 598 judicia,
274 573 410 603 quasque
425 563 579 602 opiniones
595 561 855 602 perturbationum
869 570 930 589 esse
945 558 1021 597 dixi,

134 613 194 632 non
215 604 246 633 in
268 605 309 635 eis
330 605 567 645 perturbationes
583 605 681 635 solum
702 604 812 645 positas
828 613 889 633 csse
905 602 1021 639 dicunt,

135 657 239 676 verum
256 647 308 677 illa
327 649 429 684 etiam,
454 659 522 688 quae
542 648 712 678 efficiuntur
734 645 1022 687 perturbationibus,

135 695 170 718 ut
190 690 336 729 aegritudo
356 692 442 732 quasi
464 701 598 721 morsum
619 690 751 731 aliquem
767 689 877 719 doloris
892 688 1020 722 efficiate,

135 739 234 762 metus
258 744 404 764 recessum
429 734 593 774 quemdam
615 733 709 763 animi
725 738 753 762 et
768 732 895 772 fugam;
919 731 1024 760 laetitia

135 776 290 815 profusam
320 777 525 812 hilaiitatem;
554 776 649 806 libido
678 776 855 806 effrenatam
880 780 1024 814 appeten-

135 819 220 848 tiam.
253 819 470 860 opinationem
491 825 604 857 autem,
627 829 719 859 quam
740 819 772 848 in
792 828 896 848 omnes
917 817 1023 847 defini-

135 862 230 892 tiones
251 863 415 903 superiores
430 862 619 899 inclusimus,
644 862 750 892 volunt
765 871 826 891 esse
840 860 1024 890 imbecillam

135 915 345 936 assensmnem.

179 948 238 978 Sed
259 949 385 989 singulis
406 948 682 990 perturbationibus
703 953 801 989 partes
821 946 958 986 ejusdem
972 957 1024 984 ge-

137 991 214 1021 neris
235 992 335 1031 plures
354 993 574 1032 subjiciuntur:
599 997 634 1022 ut
654 990 837 1031 aegritudini,
859 989 1026 1020 invidentia

137 1035 299 1067 (utendum
315 1041 359 1065 est
374 1036 466 1072 enim,
484 1035 609 1065 docendi
625 1034 725 1071 causa,
742 1035 833 1064 verbo
848 1033 950 1062 minus
964 1032 1026 1062 usi-

137 1083 218 1113 tato;
243 1078 386 1118 quoniam
403 1078 517 1109 invidia
531 1088 592 1108 non
607 1078 639 1107 in
655 1088 700 1115 eo,
717 1076 771 1117 qui
784 1075 909 1113 invidet,
926 1075 1026 1106 solum

137 1120 257 1157 dicitur,
282 1121 333 1151 sed
358 1121 448 1152 etiam
473 1121 504 1151 in
529 1131 563 1151 eo
586 1120 634 1151 cui
657 1120 834 1156 invidetur),
859 1118 1024 1155 aemulatio,

137 1164 322 1201 obtrectatio,
360 1164 574 1201 misericordia,
612 1173 717 1203 angor,
758 1163 869 1200 luctus,
904 1172 1024 1199 moeror,

138 1217 285 1244 aerumna,
307 1207 402 1244 dolor,
419 1207 606 1245 lamentatio,
623 1206 803 1243 sollicitudo,
820 1205 969 1242 molestia,
982 1205 1027 1234 af-

134 1249 271 1286 flictatio,
287 1250 464 1291 desperatio,
481 1256 510 1280 et
525 1250 549 1280 si
565 1260 634 1290 quae
648 1255 719 1279 sunt
734 1248 771 1279 de
785 1258 894 1289 genere
909 1247 1024 1278 eodem.

137 1294 202 1323 Sub
215 1299 330 1323 metum
347 1299 449 1324 autem
466 1294 600 1332 subjecta
612 1298 682 1322 sunt
693 1292 826 1332 pigritia,
839 1291 948 1331 pudor,
966 1296 1025 1321 ter-

138 1345 197 1372 ror,
219 1336 320 1375 timor,
337 1347 441 1377 pavor,
458 1335 653 1373 exanimatio⁷
670 1335 869 1371 conturbatio,
886 1333 1026 1364 formido.

138 1377 300 1419 Voluptati
321 1379 532 1410 malevolentia
553 1377 674 1418 [laetans
689 1377 771 1408 malo
786 1377 913 1418 alien0],
930 1377 1027 1406 delec-

138 1421 223 1459 tatio,
237 1423 371 1461 jactatio,
388 1428 417 1452 et
432 1422 551 1452 similia.
586 1421 722 1451 Libidini
737 1421 792 1457 ira,
809 1419 1027 1450 excandescen-

139 1464 192 1499 tia,
214 1465 330 1502 odium,
351 1465 520 1503 inimicitia,
542 1464 700 1501 discordia,
716 1463 894 1504 indigentia,
912 1462 1027 1492 deside-

138 1507 230 1544 rium,
247 1514 276 1538 et
290 1515 394 1539 eaetera
409 1507 567 1548 ejusmodi.
598 1507 674 1538 Haec
688 1512 791 1537 autem
807 1506 956 1536 definiunt
971 1505 1028 1535 hoc

140 1549 240 1580 modo.
777 1580 781 1584 ,

183 1593 280 1624 VIII.
307 1594 508 1624 Invidentiam
529 1604 590 1624 esse
606 1594 711 1624 dicunt
731 1592 941 1633 aegritudinem
963 1601 1028 1621 sus-

140 1642 258 1676 ceptam
280 1643 400 1677 propter
421 1637 542 1668 alterius
558 1648 604 1667 res
624 1636 780 1673 secundas,
797 1646 866 1676 quae
882 1634 958 1664 nihil
973 1643 1028 1663 no-

139 1686 226 1709 ceant
247 1679 411 1710 invidenti:
436 1690 508 1710 nam
529 1680 553 1710 si
574 1680 642 1721 quis
663 1680 763 1710 doleat
786 1679 851 1717 ejus
872 1679 960 1708 rebus
984 1687 1030 1707 se-

140 1722 257 1759 cundis,
281 1733 298 1753 a
318 1733 379 1763 quo
399 1723 463 1764 ipse
484 1723 622 1761 laedatur,
647 1733 707 1753 non
728 1727 806 1752 recte
828 1720 938 1751 dicitur
951 1720 1030 1750 invi-

140 1764 230 1801 dere:
254 1772 289 1796 ut
306 1766 330 1796 si
352 1766 477 1797 Hectori
498 1766 724 1807 Agamemnon.
757 1764 822 1803 Qui
842 1769 956 1803 autem,
980 1762 1029 1794 cui
