1180 1935
165 83 230 114 344
274 81 336 114 DE
359 82 469 113 NA'r.
486 82 624 114 DEOR.
646 82 726 113 L113.
743 82 791 114 ΙΙ.
818 82 902 115 ΟΑΡ.
919 84 950 115 6.

168 179 250 200 cesse
276 174 331 205 est,
358 170 398 200 ab
426 168 531 210 aliqua
556 174 659 200 mente
687 174 786 200 tantos
815 175 933 201 naturae
960 176 1062 203 motus

170 212 344 253 gubernari.

215 255 275 286 VI.
300 255 488 296 Chrysippus
504 255 640 296 quidem,
657 266 846 297 quamquam
862 262 906 287 est
920 257 1065 289 acerrimo

169 298 305 339 ingenio,
329 304 431 328 tamen
447 309 482 328 ea
502 299 584 336 dicit,
602 305 636 328 ut
657 301 695 329 ab
710 300 776 339 ipsa
791 300 901 330 natura
916 300 1064 339 didicisse,

171 351 234 372 non
254 347 289 371 ut
308 342 372 382 ipse
390 342 543 382 reperisse,
560 342 706 372 videatur.
732 344 753 360 “
771 343 803 372 Si
819 343 936 381 enim,”
952 343 1064 384 inquit,

174 387 196 403 “
213 390 257 415 est
272 385 388 426 aliquid
408 385 439 414 in
460 395 562 414 rerum
578 384 696 421 natura,
718 385 800 426 quod
814 385 946 417 hominis
967 397 1064 425 mens,

172 428 256 469 quod
275 428 362 465 ratio,
383 428 466 469 quod
487 428 541 465 vis,
559 428 641 468 quod
655 434 785 469 potestas
800 429 936 459 humana
951 430 1066 460 efficere

172 481 234 501 non
249 471 362 511 possit;
388 477 431 501 est
456 477 533 501 certe
553 471 596 507 id,
618 471 700 512 quod
720 471 797 501 illud
819 472 920 510 efficit,
942 472 1066 503 homine

172 514 292 544 melius.
325 514 426 554 Atqui
446 524 492 544 res
513 515 653 551 coelestes,
679 524 844 554 omnesque
864 525 917 552 eae,
934 526 1067 556 quarum

173 563 218 588 est
233 557 305 587 ordo
318 557 531 598 sempiternus,
548 559 586 587 ab
602 557 725 587 homine
737 558 841 587 confici
857 568 918 587 non
930 565 1066 599 possunt.

174 600 232 631 Est
247 600 340 640 igitur
360 600 403 635 id,
427 610 487 641 quo
502 600 556 630 ina
571 600 781 637 conficiuntur,
802 601 926 631 homine
946 602 1067 632 melius.

174 643 214 673 Id
230 649 332 673 autem
349 643 424 684 quid
438 643 538 684 potius
548 643 670 681 dixeris,
684 654 777 684 quam
788 643 892 673 Deum
904 645 918 674 ἓ
941 644 1067 676 Etenim

173 687 199 716 si
219 686 274 716 Dii
295 696 356 716 non
377 692 459 725 sunt,
482 686 557 727 quid
577 697 640 717 esse
663 693 761 728 potest
780 687 812 716 in
835 697 938 717 rerum
958 688 1068 718 natura

172 729 298 759 homine
318 729 426 760 melius
438 731 452 760 ?
476 729 507 759 in
524 740 558 760 eo
573 730 657 760 enim
672 730 735 760 solo
749 729 825 760 ratio
841 735 895 767 est,
913 730 974 771 qua
989 731 1066 761 nihil

172 778 273 814 potest
288 783 350 803 esse
364 773 565 813 praestantius.
598 773 673 803 Esse
694 779 797 803 autem
821 773 988 811 hominem,
1013 775 1068 815 qui

173 816 252 846 nihil
276 815 308 845 in
332 816 416 846 omni
441 816 557 846 mundo
578 816 686 846 melius
708 827 780 852 esse,
803 826 895 857 quam
917 827 947 846 se
967 822 1065 857 putet,

173 859 349 900 desipientis
364 859 542 899 arrogantiae
558 865 610 889 est.
642 859 727 899 Ergo
748 865 791 890 est
811 859 927 900 aliquid
946 860 1067 891 melius.

174 902 234 933 Est
249 902 343 943 igitur
357 902 491 943 profecto
508 902 630 932 Deus.”

218 945 273 976 An
285 955 366 983 vero,
380 945 403 975 si
416 945 543 976 domum
556 955 700 986 magnam
712 945 933 986 pulchramque
945 946 1066 985 videris,

174 998 237 1019 non
252 988 346 1029 possis
362 988 482 1026 adduci,
500 995 545 1026 ut,
563 989 653 1019 etiam
670 989 694 1018 si
706 989 865 1018 dominum
878 999 939 1019 non
954 990 1067 1028 videas,

175 1032 315 1062 muribus
330 1032 416 1061 illam
433 1037 462 1062 et
476 1032 612 1062 mustelis
627 1031 804 1062 aedificatam
820 1038 926 1072 putes;
947 1038 1068 1063 tantum

174 1085 245 1105 vero
260 1081 402 1105 ornatum
417 1075 537 1112 mundi,
550 1081 667 1105 tantam
680 1075 852 1105 varietatem
866 1075 1069 1115 pulchritudi-

174 1127 308 1159 nemque
323 1128 425 1148 rerum
441 1118 617 1155 coelestium,
631 1124 748 1148 tantam
760 1118 823 1148 vim
838 1124 867 1148 et
882 1119 1070 1158 magnitudi-

176 1170 247 1191 nem
262 1161 354 1191 maris
370 1167 461 1202 atque
477 1167 636 1199 terrarum,
653 1161 677 1191 si
690 1167 790 1199 tuum,
807 1172 841 1191 ac
856 1171 917 1191 non
929 1161 1069 1193 Deorum

175 1204 397 1235 immortalium
422 1204 610 1235 domicilium
634 1210 733 1245 putes,
758 1214 858 1234 nonne
881 1205 971 1245 plane
992 1205 1070 1236 desi-

175 1258 247 1288 pere
262 1247 405 1278 videare?
429 1248 482 1277 An
499 1258 537 1278 ne
552 1248 609 1278 hoe
625 1248 749 1288 quidem
769 1247 980 1288 intelligimus,
1002 1259 1068 1279 om-

175 1290 227 1321 nia
242 1301 350 1331 supera
366 1301 427 1321 esse
438 1291 590 1321 meliora?
607 1297 716 1321 terram
730 1296 832 1321 autem
845 1301 905 1321 esse
917 1291 1067 1332 infimam,

176 1344 270 1375 quam
286 1334 485 1364 crassissimus
498 1334 721 1364 circumfundat
733 1335 804 1364 a'e'r?
824 1340 869 1371 ut,
886 1335 924 1364 ob
940 1345 1006 1365 eam
1021 1336 1070 1377 ip-

175 1387 241 1407 sam
257 1387 390 1415 causam,
413 1377 495 1418 quod
516 1377 607 1407 etiam
628 1377 812 1417 quibusdam
832 1377 1004 1417 regionibus
1024 1386 1070 1410 at-

176 1431 237 1461 que
257 1420 385 1450 urbibus
409 1420 581 1461 contingere
606 1420 755 1458 videmus,
779 1420 933 1450 hebetiora
951 1427 986 1451 ut
1008 1422 1069 1453 sint

175 1463 339 1493 hominum
358 1463 480 1503 ingenia
500 1470 621 1504 propter
641 1464 706 1494 coeli
726 1463 893 1504 pleniorem
913 1470 1067 1504 naturam,

175 1506 233 1536 hoc
255 1506 338 1536 idem
362 1507 464 1546 generi
487 1507 623 1537 humano
648 1507 789 1544 evenerit,
815 1506 898 1548 quod
921 1507 952 1537 in
976 1509 1067 1548 terra,

174 1549 232 1580 hoc
247 1555 301 1587 est,
318 1549 350 1579 in
365 1549 547 1580 crassissima
561 1550 683 1590 regione
697 1549 816 1587 mundi,
834 1550 969 1581 collocati
984 1551 1053 1582 sint.

218 1592 262 1622 Et
273 1598 387 1631 tamen,
404 1603 441 1623 ex
453 1593 519 1634 ipsa
531 1593 692 1623 hominum
705 1593 846 1631 sollertia,
859 1604 920 1623 esse
931 1594 1067 1634 aliquam

173 1641 321 1671 mentem,
338 1642 367 1666 et
382 1646 449 1666 eam
461 1636 586 1677 quidem
599 1637 742 1666 acriorem
758 1642 787 1666 et
802 1636 948 1673 divinam,
966 1637 1068 1668 existi-

174 1689 259 1709 mare
274 1679 429 1709 debemus.
454 1682 476 1696 ‘²
491 1679 581 1709 Unde
596 1680 677 1709 euim
693 1680 771 1709 hanc
785 1679 878 1710 homo
889 1680 1018 1720 arripuit
1028 1681 1067 1711 ?''

173 1729 209 1753 ut
224 1722 266 1753 ait
280 1722 364 1764 apud
378 1722 616 1765 Xenophontem
631 1724 775 1756 Socrates.
808 1722 896 1760 Quin
911 1728 940 1754 et
954 1723 1065 1756 humo.
