1180 1935
161 74 224 107 406
267 74 329 106 DE
352 76 460 107 NAT.
477 76 614 109 DEOR.
631 77 711 109 Lm.
726 79 792 110 ΙΙΙ.
810 79 893 111 CAP.
907 81 937 110 8.

161 162 286 203 reliquae
307 173 414 202 causae,
438 174 513 205 quas
528 164 689 195 Cleanthes
709 164 805 204 affert,
823 167 965 207 (quarum
985 176 1047 197 una

162 211 207 235 est
220 205 258 235 de
272 207 512 246 commodorum,
525 218 594 247 quae
609 208 755 248 capimus,
772 209 878 249 copi‘223
901 209 994 239 altera
1008 210 1046 240 de

162 253 333 288 temporum
355 249 469 287 ordine⁷
491 250 616 291 coelique
638 251 817 288 constantia)
845 258 912 282 tum
938 258 1047 282 tracta-

160 291 277 321 buntur
298 302 316 322 a
337 292 434 329 nobis,
458 303 528 322 cum
550 293 772 333 disputabimus
797 294 835 323 de
857 294 1046 335 providentia

161 332 319 370 Deorun13
344 335 381 365 de
404 335 465 376 qua
485 336 618 375 plurima
637 346 655 365 a
675 342 714 373 te,
736 337 845 373 Balbe,
867 337 947 367 dicta
966 343 1046 368 sunt.

160 375 342 417 Eodemque
356 378 409 407 illa
431 378 521 407 etiam
543 378 725 415 differemus,
743 379 824 419 quod
840 379 1046 420 Chrysippum

161 418 259 449 dicere
282 420 392 458 aiebas,
418 420 562 460 quoniam
585 427 659 451 esset
677 421 793 461 aliquid
813 421 846 451 in
869 432 969 452 rerum
992 432 1048 452 na·

161 461 240 498 tura,
258 463 340 503 quod
355 464 393 493 ab
408 463 530 493 homine
545 463 620 494 effici
635 474 696 493 non
714 470 824 504 posset,
840 475 902 495 esse
921 465 1044 495 homine

161 504 278 544 aliquid
290 505 414 535 melius:
439 516 569 546 quaeque
589 507 619 536 in
636 506 726 536 domo
744 507 871 548 pulchra
887 518 957 537 cum
977 508 1048 548 pul-

159 547 330 577 chritudine
350 548 458 578 mundi
473 551 677 589 comparabas,
690 555 719 579 et
734 560 803 579 cum
827 550 918 581 totius
938 550 1048 580 mundi

161 590 401 620 convenientiam
423 601 660 632 consensumque
679 592 833 630 afferebas,
854 593 1047 634 Zenonisque

159 633 265 662 breves
281 639 309 663 et
324 634 459 663 acutulas
480 635 692 673 conclusiones,
709 635 740 664 in
760 645 827 665 eam
848 641 964 675 partem
986 646 1047 666 ser-

161 675 260 705 monis
276 686 369 716 quam
384 676 474 706 modo
487 677 561 715 dixi,
575 677 756 708 differemus.
778 677 957 718 Eodemque
969 684 1046 708 tem-

160 728 233 758 pore
253 718 306 748 illa
326 719 439 757 omnia,
455 730 523 760 quae
543 730 562 750 a
583 726 611 750 te
630 720 753 761 physice
772 720 851 750 dicta
871 727 942 750 sunt
959 721 996 751 de
1016 721 1047 752 vi

161 760 263 800 ignea,
281 761 379 802 deque
394 772 428 792 eo
444 763 541 793 calore
560 773 597 792 ex
614 773 675 803 quo
694 763 799 793 omnia
817 763 952 803 generari
967 764 1047 794 dice-

161 804 226 841 bas,
237 804 302 834 loco
314 815 368 834 suo
378 811 568 845 quaerentur:
586 806 759 846 omniaque,
770 817 838 846 quae
850 817 868 836 a
879 812 908 836 te
922 806 1049 836 nudius-

162 846 267 876 tertius
293 847 372 877 dicta
392 853 473 886 sunt,
491 858 561 878 cum
585 848 688 878 docere
708 849 809 886 velles,
835 848 933 887 [Deos
954 850 1045 890 esse,]

161 899 254 930 quare
269 895 298 920 et
312 890 445 920 mundus
460 890 626 928 universus,
643 897 672 921 et
687 892 741 930 sol,
753 897 782 921 et
795 892 881 930 luna,
898 896 927 921 et
941 892 1046 930 stellae,

161 942 283 962 sensum
298 943 332 962 ac
346 938 479 963 mentem
499 934 654 971 haberent,
670 934 702 964 in
717 934 797 964 idem
813 940 933 974 tempus
948 945 1044 965 reser-

161 976 248 1005 vabo⁴
281 976 314 1006 A
342 981 371 1005 te
394 982 497 1006 autem
520 976 601 1006 idem
625 977 703 1006 illud
728 976 819 1007 etiam
841 983 932 1017 atque
955 977 1066 1011 etiam,

160 1028 307 1060 quaeram,
334 1018 446 1060 quibus
468 1019 633 1050 rationibus
662 1019 718 1050 tibi
746 1019 935 1060 persuadeaS‚
965 1019 1050 1052 Deos

163 1071 236 1092 esse.

204 1103 303 1134 VIII.
327 1103 412 1135 Tum
434 1103 562 1143 Balbus,
586 1104 739 1145 Equidem
761 1104 896 1135 attulisse
917 1104 1047 1136 rationes

159 1146 237 1177 mihi
246 1147 366 1177 videor:
390 1147 442 1177 sed
457 1158 505 1177 eas
517 1153 549 1177 tu
565 1147 606 1177 ita
621 1147 742 1185 refellis,
753 1153 798 1185 ut,
811 1158 882 1177 cum
891 1157 942 1177 me
956 1148 1047 1178 inter-

161 1195 321 1229 rogaturus
337 1200 398 1220 esse
413 1189 540 1227 videare,
557 1196 586 1220 et
601 1199 656 1230 ego
675 1199 725 1220 ¹ne
745 1189 783 1219 ad
802 1190 1046 1230 respondendum

158 1232 372 1272 compararim,
388 1238 509 1272 repente
526 1238 641 1263 avertas
658 1232 835 1269 orationem,
852 1243 906 1263 nec
926 1232 977 1263 des
999 1243 1046 1263 re-

159 1275 327 1315 spondendi
337 1276 448 1305 locum.
473 1275 581 1315 Itaque
596 1274 739 1305 maximae
754 1285 799 1305 res
814 1275 911 1305 tacitae
925 1282 1047 1316 praeter-

156 1316 268 1355 ierunt,
284 1317 322 1348 de
344 1318 538 1355 divinatione,
554 1318 592 1348 de
611 1318 692 1349 fato:
718 1317 829 1360 quibus
848 1318 886 1348 de
905 1318 1047 1359 quaestio-

161 1360 251 1390 nibus
266 1366 299 1390 tu
315 1360 438 1401 quidem
453 1360 590 1399 strictim,
607 1360 700 1391 nostri
714 1366 816 1390 autem
835 1361 934 1391 multa
948 1362 1045 1391 solent

161 1402 259 1433 dicere
271 1414 280 1440 ;
305 1404 357 1433 sed
372 1405 410 1434 ab
425 1403 481 1433 hac
497 1403 671 1444 quaestione,
685 1414 754 1444 quae
767 1413 849 1433 nunc
860 1403 891 1433 in
905 1404 1047 1434 manibus

161 1452 216 1483 est,
240 1452 424 1487 separantur.
456 1446 572 1483 Quare,
594 1446 619 1475 si
640 1446 767 1484 videtur,
789 1446 851 1476 noli
869 1457 955 1486 agere
975 1456 1046 1477 con-

160 1488 246 1524 fuse;
279 1495 314 1518 ut
342 1488 399 1520 hoc
426 1489 611 1529 explicemus
643 1489 700 1519 hac
724 1489 936 1530 disputatione,
961 1489 1045 1531 quod

162 1531 317 1572 quaeritur.

204 1574 341 1615 Optime,
363 1574 463 1615 inquit
477 1574 575 1605 Cotta.
607 1574 728 1616 Itaque,
744 1575 888 1614 quoniam
911 1580 1043 1615 quatuor

160 1616 192 1646 in
214 1622 313 1657 partes
335 1622 430 1647 totam
450 1618 646 1658 quaestionem
661 1617 803 1656 divisisti,
826 1617 864 1647 de
885 1617 1045 1658 prilnfique

159 1658 314 1695 diximus;
338 1660 559 1691 consideremus
582 1660 765 1696 secundam;
789 1671 858 1701 quae
877 1660 954 1690 mihi
976 1660 1044 1690 talis

161 1701 280 1733 videtur
293 1702 395 1739 fuisse,
417 1708 462 1741 ut,
485 1713 555 1733 cum
575 1703 729 1733 ostendere
749 1704 850 1740 velles,
872 1703 976 1744 quales
991 1702 1045 1732 Dii

161 1751 269 1785 essent,
285 1745 453 1776 ostenderes
469 1746 567 1777 nullos
582 1756 653 1777 esse.
686 1746 716 1776 A
733 1746 948 1777 consuetudine
962 1745 1044 1776 enim
