1180 1935
129 57 192 88 416
215 54 276 87 DE
300 54 409 86 NAT.
432 54 568 87 DEOR.
592 53 672 85 1113.
691 53 757 86 111.
776 53 861 85 CAP.
880 53 930 86 19.

130 142 176 173 illi
198 148 269 172 sunt
281 143 296 173 ἲ
319 141 400 172 Vide
423 141 526 182 igitur,
546 151 585 171 ne
602 140 764 171 virtutibus
781 140 943 170 hominum
965 139 1016 170 isti

130 186 258 216 honores
279 185 457 221 habeantur,
480 195 539 215 non
560 184 857 220 immortalitatibus3
881 182 964 224 quod
981 188 1017 213 tu

132 239 264 269 quoque,
279 228 386 264 Balbe,
403 228 484 258 visus
499 238 528 258 es
543 227 649 257 dicere.

175 271 247 308 Quo
261 270 352 300 modo
367 276 468 301 autem
483 276 578 311 potes,
595 270 620 300 si
636 271 785 300 Latonam
802 269 901 300 Deam
914 274 1015 310 putas,

134 314 270 344 Hecaten
287 324 347 343 non
363 319 480 354 putare,
504 324 572 354 quae
588 319 683 343 matre
703 313 826 343 Asteria
849 318 903 350 est,
921 322 1020 341 sorore

136 357 289 387 Latonae?
312 356 366 386 An
382 357 446 386 haec
468 366 589 397 quoque
610 356 677 386 Dea
696 357 764 386 est?
788 355 919 385 vidimus
938 354 1020 384 enim

134 400 200 438 ejus
215 410 280 429 aras
295 399 480 439 delubraque
501 399 533 429 in
557 399 683 429 Graecia.
719 398 772 428 Sin
792 399 856 428 haec
876 398 943 427 Dea
964 404 1020 435 est,

134 452 189 472 cur
204 452 264 471 non
280 442 492 472 Eumenides?
516 453 584 483 quae
600 442 624 472 si
642 442 718 472 Deae
738 447 818 479 sunt,
840 451 971 481 quarum
992 445 1022 470 et

136 484 269 515 Athenis
284 485 391 514 fanum
407 491 461 522 est,
479 491 508 514 et
522 485 603 525 apud
618 495 672 515 nos
688 488 736 518 (ut
756 495 810 524 ego
831 484 1022 523 interpretor)

135 527 222 558 lucus
233 528 257 557 F
260 527 354 557 urinae
365 538 374 562 ;
400 527 500 557 Furiae
512 528 586 557 Deae
598 534 679 564 sunt,
691 526 896 568 speculatrices
908 525 1023 562 (credo)

137 576 167 600 et
183 570 313 600 vindices
328 570 494 600 facinorum
512 577 540 600 et
558 571 684 600 sceleris.
722 569 815 607 Quod
834 569 858 599 si
877 569 950 598 tales
968 568 1023 597 Dii

138 618 219 650 sunt,
237 619 271 642 ut
286 614 374 643 rebus
390 613 531 643 humanis
546 613 694 649 intersint,
719 612 813 642 Natio
823 622 944 653 quoque
955 611 1024 641 Dea

138 655 274 696 putanda
289 661 352 690 θεῖς
377 656 436 693 cui,
464 666 534 686 cum
559 656 629 685 fana
651 655 811 685 circuimus
825 655 857 684 in
875 664 947 694 agro
961 654 1025 683 Ar-

137 698 228 736 deati,
242 708 305 728 rem
317 698 450 728 divinam
461 698 556 729 facere
572 699 701 729 solemus
714 710 722 728 ε
747 709 827 738 quae,
838 697 910 738 quia
919 702 1024 737 partus

139 747 346 770 matronarum
363 747 492 779 tueatur,
509 752 527 771 a
547 741 736 772 nascentibus
757 740 851 771 Natio
870 740 1026 770 nominata

140 789 193 814 est.
217 783 264 814 Ea
280 784 304 813 si
320 784 387 814 Dea
402 789 467 821 est3
493 784 547 814 Dii
562 795 666 815 omnes
675 784 731 821 illi,
744 783 798 824 qui
809 793 1026 814 commemora-

139 828 251 858 bantur
266 837 283 856 a
298 832 338 864 te,
353 827 471 864 Honos,
488 827 589 863 Fides,
607 828 710 865 Mens,
728 826 902 857 Concordia.
940 825 1025 865 Ergo

140 869 231 900 etiam
248 870 333 909 Spes,
351 870 488 907 Moneta,
504 870 678 910 omniaque,
695 880 764 910 quae
778 869 956 909 cogitatione
971 878 1026 897 no-

140 912 250 942 bismet
264 912 322 952 ipsi
336 923 497 952 possumus
511 913 632 953 fingere.
656 913 749 950 Quod
760 912 785 942 si
794 911 952 943 verisimile
964 921 1026 941 non

141 961 196 992 est,
214 965 251 985 ne
270 955 347 984 illud
363 955 486 995 quidem
502 962 556 993 est,
573 956 636 986 haec
651 955 732 985 unde
747 955 910 985 fluxerunt.

184 998 280 1028 XIX.
304 998 390 1035 Quid
410 1004 512 1028 autem
536 999 634 1029 dicis?
657 999 682 1029 si
706 998 760 1028 Dii
781 1003 850 1028 sunt
869 998 925 1035 illi,
949 1007 1025 1038 quos

142 1041 270 1071 colimus
286 1047 315 1071 et
333 1041 515 1082 accipimus;
540 1053 592 1072 cur
607 1051 667 1072 non
683 1041 786 1071 eodem
802 1041 833 1070 in
851 1050 959 1080 genere
974 1041 1028 1070 Se-

141 1083 239 1124 rapim
260 1084 396 1125 Isimque
415 1086 632 1115 numeremus?
656 1084 749 1122 Quod
769 1084 793 1113 si
808 1084 948 1119 facimus,
972 1093 1027 1113 cur

143 1128 340 1157 barbarorum
371 1127 452 1157 Deos
481 1127 698 1168 repudiemus?
735 1128 834 1157 Boves
863 1126 966 1166 igitur,
999 1131 1028 1156 et

143 1180 249 1210 equos,
272 1169 346 1207 ibes,
373 1171 536 1211 accipitres,
563 1171 692 1211 aspidas,
719 1170 891 1208 crocodilos,
921 1169 1027 1210 pisces,

143 1222 242 1250 canes,
257 1213 357 1253 lupos,
373 1213 456 1250 feles,
473 1214 584 1243 multas
600 1220 741 1254 praeterea
756 1213 882 1249 belluas,
898 1212 929 1241 in
946 1212 1029 1242 Deo-

144 1265 214 1286 rum
240 1266 367 1286 numero
392 1267 581 1297 reponemus.
616 1257 696 1294 Quae
722 1256 746 1286 si
772 1256 952 1294 rejiciamus,
976 1255 1030 1285 illa

144 1309 277 1339 quoque,
309 1299 390 1329 unde
419 1300 482 1329 haec
511 1305 582 1329 nata
610 1305 692 1336 sunt,
723 1298 900 1337 rejiciemus.
942 1297 1029 1335 Quid

144 1341 277 1372 deinde?
302 1343 359 1372 Ino
375 1342 442 1372 Dea
456 1343 582 1380 dicetur,
594 1353 662 1383 quae
678 1342 850 1372 Leucothea
870 1352 887 1371 a
903 1341 1028 1379 Graecis,

146 1394 165 1413 a
180 1384 265 1415 nobis
281 1385 405 1415 Matuta
420 1386 539 1423 dieitur,
562 1396 632 1416 cum
651 1385 688 1415 sit
704 1384 812 1415 Cadmi
832 1384 919 1414 filia?
943 1383 1030 1414 Circe

144 1433 258 1466 autem,
283 1433 312 1458 et
332 1428 492 1468 Pasiphae,
518 1428 564 1467 [et
586 1429 674 1469 AEe,]
700 1438 715 1458 e
739 1427 887 1465 Perseide,
912 1426 1028 1460 Oceani

146 1470 220 1508 fili-a,
242 1477 331 1508 natae,
351 1477 435 1511 patre
455 1472 536 1509 Sole,
556 1472 587 1501 in
605 1471 742 1501 Deorum
757 1481 883 1500 numero
898 1480 959 1499 non
974 1470 1029 1499 ha-

145 1514 322 1544 bebuntur?
346 1524 533 1555 quamquam
557 1515 663 1545 Circen
684 1524 804 1554 quoque
825 1513 921 1543 coloni
936 1512 1030 1542 nostri

146 1556 328 1586 Circeienses
343 1557 478 1597 religiose
493 1559 603 1588 colunt„
627 1557 711 1597 Ergo
730 1557 808 1587 hanc
826 1556 924 1586 Deam
945 1555 1029 1585 dicis.

146 1598 233 1636 Quid
258 1599 377 1630 Medeae
397 1601 613 1641 respondebis?
637 1611 705 1641 quae
726 1600 844 1629 duobus
863 1599 937 1636 avis,
960 1598 1031 1629 Sole

145 1647 177 1671 et
197 1641 330 1679 Oceano,
354 1643 446 1674 AEeta
468 1650 562 1684 patre,
585 1650 681 1674 matre
702 1642 791 1683 Idyia
808 1647 961 1682 procreata
975 1647 1028 1672 est.

144 1684 232 1722 Quid
247 1685 340 1726 hujus
354 1686 490 1728 Absyrto
509 1687 604 1727 fratri,
626 1686 680 1728 qui
700 1692 743 1717 est
762 1685 844 1727 apud
859 1684 1028 1716 Pacuvium
