1226 1935
244 77 305 108 DE
322 77 431 108 NAT.
449 76 586 108 DEOR.
613 76 692 107 Lm.
710 77 737 107 1.
762 76 846 108 CAP.
863 77 915 106 23.
960 75 1024 106 315

132 163 232 194 nirent
254 164 286 193 in
309 169 443 194 mentem
459 168 549 193 acuta
563 167 654 202 atque
669 162 803 198 subtilia,
820 161 1024 198 dubitantem,

132 206 206 246 quid
231 217 335 237 eorum
362 212 438 237 esset
464 205 666 244 verissimum,
698 205 871 245 desperasse
900 214 1026 235 omnem

132 255 298 279 veritatem.

176 292 327 332 Epicurus
339 302 408 322 vero
424 298 495 322 tuus
511 294 596 325 (nam
612 300 682 321 cum
698 290 752 320 illo
772 290 854 320 malo
871 290 1023 327 disserere,

132 345 226 375 quam
243 341 357 372 tecum)
373 335 448 375 quid
463 334 546 370 dicit,
558 333 639 374 quod
655 343 715 364 non
728 333 819 363 modo
831 333 1032 374 philosophia·

131 377 260 418 dignum
277 378 325 414 sit,
342 378 393 407 sed
409 377 552 407 mediocri
566 376 757 418 prudentia?

174 421 331 458 Quaeritur
354 421 488 461 primun
481 443 502 458 ,
527 420 559 449 111
585 420 621 450 ea
645 419 810 467 quaa-stione
830 429 900 459 quae
922 425 966 448 est
987 417 1026 448 de

131 464 241 493 naturai
253 463 402 502 Deorum,
419 463 518 493 sintne
533 462 599 499 Dii,
616 472 709 493 necne
721 462 790 492 sint.
828 461 962 492 Difficile
977 467 1022 491 est

131 516 252 546 negare,
285 507 384 544 credo,
417 507 442 537 si
470 506 502 536 in
532 505 674 536 concione
703 510 877 546 quaeratu13
911 504 963 535 sed
991 505 1024 534 in

131 549 308 589 hujusmodi
323 559 460 579 sermone
475 555 505 579 et
519 559 669 587 consessu,
685 548 876 578 facillimum.
912 547 1023 588 Itaque

131 602 187 632 ego
208 593 272 633 ipse
291 593 441 633 pontifex,
464 592 517 633 qui
533 591 719 622 caerimonias
734 591 954 631 religionesque
965 601 1024 631 pu-

131 635 223 665 blicas
239 635 424 666 sanctissime
439 634 566 665 tuendas
582 634 721 673 arbitror,
737 634 763 664 is
777 634 846 671 hoc,
863 633 946 674 quod
960 633 1025 674 pri-

131 688 220 708 mum
240 685 295 716 est,
312 689 375 709 esse
395 678 488 715 Deos,
505 677 678 718 persuaderi
700 676 777 707 mihi
795 686 857 707 non
880 676 1023 717 opinione

130 721 242 759 solum,
259 721 311 751 sed
326 721 417 751 etiam
433 721 471 751 ad
487 721 655 758 veritatem,
676 721 767 761 plane
788 720 889 750 velim.
917 719 1026 750 Multa

131 764 213 794 enim
229 770 401 802 occurrunt,
423 775 492 805 quae
510 765 701 802 conturbent,
718 769 753 793 ut
771 762 925 793 interdum
944 762 1024 792 nulli

129 817 193 837 esse
207 807 375 837 videantur.
408 807 469 837 Sed
485 807 564 845 vide,
581 817 674 848 quam
690 812 791 836 tecum
806 816 896 846 agam
911 806 1023 836 libera·

129 850 206 880 liter.
236 850 317 888 Quae
331 850 508 881 communia
522 856 593 881 sunt
607 850 692 880 vobis
706 860 778 880 cum
793 849 907 879 caeteris
921 848 1024 889 philo-

128 892 242 934 sophis,
267 903 329 923 non
352 893 512 934 attingam,
535 899 570 923 ut
590 893 647 923 hoc
666 893 791 933 ipsum:
815 892 914 932 placet
938 891 1023 922 enim

128 936 272 967 omnibus
297 937 370 975 fere,
395 937 534 977 mihique
556 936 614 976 ipsi
640 936 672 966 in
696 935 814 976 primis,
838 934 921 965 Deos
948 944 1022 965 esse.

128 979 240 1019 Itaque
254 989 315 1009 non
330 989 445 1020 pugno.
478 979 642 1009 Rationem
657 985 762 1009 tamen
777 988 857 1017 eam,
873 988 944 1019 quae
959 988 977 1008 a
991 983 1023 1009 te

127 1021 262 1060 affertur,
279 1032 340 1053 non
353 1023 423 1053 satis
438 1023 561 1053 firmam
576 1028 660 1062 puto.

171 1065 306 1095 XXIII.
342 1065 436 1103 Quod
451 1065 532 1095 enim
548 1065 688 1095 omnium
701 1065 841 1105 gentium
855 1073 1021 1104 generum-

127 1118 187 1149 que
209 1108 385 1139 hominibus
404 1109 448 1138 ita
468 1108 630 1145 videretur,
646 1108 679 1137 id
700 1108 770 1138 satis
788 1117 938 1148 magnum
958 1117 1022 1137 esse

126 1157 343 1192 argumentum
369 1151 484 1190 dixisti,
511 1161 564 1182 cur
590 1161 652 1181 esse
678 1150 762 1181 Deos
787 1150 998 1181 confiteremur
1009 1161 1019 1180 ε

129 1194 212 1235 quod
228 1204 298 1225 cum
313 1195 379 1225 leve
393 1205 448 1235 per
462 1205 504 1233 se,
527 1200 595 1224 tum
617 1193 708 1224 etiam
729 1193 842 1224 falsum
863 1198 917 1223 est.
951 1192 1022 1223 Pri-

123 1247 213 1267 mum
227 1237 310 1268 enim
322 1237 403 1268 unde
418 1244 498 1268 notae
513 1237 569 1268 tibi
584 1243 654 1267 sunt
663 1236 820 1278 opiniones
831 1236 991 1267 nationum
1003 1237 1018 1266 ?

123 1279 280 1321 Equidem
295 1281 432 1316 arbitror,
448 1280 560 1310 multas
575 1290 638 1310 esse
652 1286 756 1320 gentes
772 1279 813 1310 sic
827 1279 1020 1309 immanitate

124 1323 271 1362 efferatas,
293 1330 328 1354 ut
353 1323 435 1365 apud
461 1333 511 1354 eas
536 1324 623 1354 nulla
648 1323 778 1364 suspicio
801 1322 940 1353 Deorum
967 1322 1016 1352 sit.

124 1366 211 1404 Quid
224 1368 238 1397 :³
261 1367 423 1408 Diagoras,
447 1367 548 1397 atheos
574 1367 629 1407 qui
652 1366 750 1396 dictus
774 1372 829 1403 est,
852 1371 1019 1406 posteaque

124 1409 154 1439 'l
157 1409 315 1448 heodorus,
338 1420 438 1440 nonne
458 1416 560 1450 aperte
575 1409 714 1440 Deorum
729 1415 871 1439 naturam
887 1408 1018 1438 sustule-

123 1457 214 1484 runt.
207 1454 221 1476 9
243 1462 316 1483 nam
328 1453 493 1483 Abderites
505 1452 630 1494 quidem
646 1453 838 1492 Protagoras,
855 1452 942 1490 cujus
955 1461 973 1480 a
988 1457 1019 1481 te

123 1496 214 1526 modo
229 1497 343 1526 mentio
358 1496 438 1526 faeta
453 1502 508 1533 est,
526 1496 672 1544 sophistes
687 1495 876 1544 temporibus
891 1494 952 1524 illis
971 1493 1018 1523 vel

124 1539 290 1577 maximus,
314 1549 385 1570 cum
410 1539 441 1568 in
465 1539 615 1587 principio
636 1539 707 1569 libri
729 1539 776 1568 sui
794 1538 835 1568 sic
857 1537 1016 1578 posuisset,

125 1584 147 1599 “
164 1581 214 1611 De
229 1581 329 1619 Divis,
346 1592 444 1623 neque
459 1588 495 1612 ut
510 1582 581 1620 sint,
598 1592 698 1623 neque
712 1588 747 1611 ut
762 1591 824 1611 non
835 1581 905 1617 sint,
919 1580 1017 1610 habeo

123 1624 255 1662 dicere‚”
282 1625 521 1655 Atheniensium
545 1626 632 1664 jussu
658 1626 734 1655 urbe
760 1631 852 1664 atque
875 1633 948 1663 agro
974 1628 1019 1652 est

123 1668 353 1705 exterminatus,
379 1668 511 1709 librique
541 1669 606 1708 ejus
629 1667 662 1697 in
689 1667 831 1698 concione
857 1665 1017 1696 combusti.

124 1709 175 1740 Ex
191 1721 252 1751 quo
267 1711 409 1752 equidem
425 1711 576 1749 existimo,
593 1710 738 1741 tardiores
753 1710 791 1740 ad
806 1710 884 1740 hanc
897 1714 1016 1739 senten-

124 1753 197 1784 tiam
224 1754 426 1795 profitendam
451 1754 565 1785 multos
591 1764 654 1785 esse
677 1753 782 1792 factos,
807 1752 922 1794 quippe
946 1760 1017 1783 cum
