1180 1935
170 85 233 118 392
277 85 338 116 DE
363 85 471 117 NA'r.
487 84 624 118 DEOR.
641 86 720 117 Lm.
737 87 783 118 ΙΙ.
800 86 884 118 CAP.
901 89 952 119 59.

178 171 335 210 audacem,
345 171 560 214 timidumque,
570 178 763 213 cognoscunt.
783 172 980 214 Auriumque
991 173 1065 203 item

181 220 226 245 est
248 214 425 246 admirabile
448 215 603 257 quoddam
626 216 882 256 artificiosumque
904 215 1066 255 judicium,

182 268 244 298 quo
256 257 420 297 judicatur,
436 264 466 288 et
484 259 516 288 in
532 258 612 289 vocis
631 265 660 289 et
679 259 711 289 in
728 259 872 289 tibiarum
892 269 1068 289 nervorum-

183 311 243 341 que
258 301 405 338 cantibus,
422 302 548 332 varietas
559 312 713 339 sonorum,
726 302 894 340 intervalla,
906 302 1068 339 distinctio,

185 349 215 373 et
229 344 308 373 vocis
322 354 430 383 genera
444 345 615 385 permulta;
640 355 794 380 canorum,
816 344 958 380 fuscum3
982 345 1068 381 laeve,

185 396 346 427 asperum3
374 397 475 426 grave,
503 393 647 423 acutum;
671 387 814 423 flexibile,
839 388 972 423 durum;
1002 398 1070 428 quae

185 428 346 459 hominum
376 430 473 460 solum
503 430 627 460 auribus
653 430 837 469 judicantur.
876 431 1070 471 Nariumque

186 471 271 509 item,
302 478 331 502 et
358 472 499 512 gustandi
525 473 635 513 pariter
657 479 686 503 et
707 472 861 513 tangendi,
885 483 998 513 magna
1021 474 1067 511 ju-

187 514 265 544 dicia
285 520 364 544 sunt.
395 515 450 545 Ad
470 526 545 556 quos
565 526 667 546 sensus
687 515 846 556 capiendos
868 522 897 546 et
918 516 1074 556 perfruen-

188 557 253 594 dos,
269 558 369 597 plures
389 558 490 596 etiam,
508 569 601 599 quam
617 559 736 596 vellem,
753 564 830 589 artes
849 565 972 599 repertae
993 564 1073 588 sunt.

190 600 388 640 Perspicuum
409 607 452 631 est
473 602 564 638 enim,
582 612 643 642 quo
659 601 886 642 compositiones
905 607 1076 642 unguento-

188 653 270 681 rum,
287 653 348 684 quo
363 643 498 674 ciborum
519 644 714 683 conditiones,
732 655 792 685 quo
814 654 973 686 corporum
992 645 1076 674 leno-

190 685 279 723 cinia,
296 687 498 727 processerint.

235 729 325 759 LIX.
342 729 365 759 J
367 739 416 759 am
427 740 495 760 vero
505 730 642 760 animum
652 730 764 771 ipsum7
776 736 969 771 mentemque
978 729 1077 760 homi-

190 770 248 808 nis,
262 772 420 810 rationem,
434 773 604 810 consilium,
616 773 821 813 prudentiam,
834 773 887 813 qui
902 783 961 803 non
974 773 1078 803 divina

193 814 265 844 cura
285 815 416 855 perfecta
437 825 498 845 esse
516 816 667 856 perspicit,
689 816 714 846 is
732 816 779 846 his
799 816 870 856 ipsis
890 817 978 846 rebus
1001 815 1078 845 mihi

192 857 310 887 videtur
325 868 431 888 carere.
467 858 516 888 De
534 869 594 899 quo
615 859 689 888 dum
711 859 874 899 disputem,
896 865 980 889 tuam
1001 858 1079 888 mihi

192 900 257 930 dari
278 900 379 939 velim,
402 901 501 939 Cotta,
523 901 736 942 eloquentiam.
771 902 842 940 Quo
863 902 944 932 enim
969 908 1001 932 tu
1024 901 1079 930 illa

189 943 281 973 modo
303 944 432 974 diceres!
458 950 572 985 quanta
590 945 726 985 primum
745 945 953 984 intelligentia,
970 944 1078 974 deinde

190 987 438 1026 consequentium
454 998 555 1017 rerum
571 997 640 1017 cum
653 988 757 1028 primis
770 988 939 1026 conjunctio
952 994 981 1017 et
996 997 1078 1017 com-

190 1029 359 1069 prehensio,
376 1035 450 1060 esset
465 1031 496 1060 in
512 1030 616 1060 nobis:
641 1041 678 1060 ex
697 1041 758 1072 quo
779 1030 926 1068 videlicet,
945 1030 1019 1071 quid
1039 1040 1077 1060 ex

189 1072 361 1113 quibusque
380 1074 468 1102 rebus
488 1073 642 1109 efficiatur,
665 1073 757 1114 idque
777 1073 901 1111 ratione,
924 1073 1076 1103 concludi-

188 1124 280 1144 mus:
305 1115 498 1157 singulasque
524 1126 569 1146 res
598 1116 769 1153 definimus,
794 1116 1076 1156 circmnscripteque

189 1158 436 1198 complectimur:
466 1169 503 1188 ex
533 1169 593 1199 quo
623 1159 745 1189 scientia
774 1159 953 1199 intelligitur
983 1169 1077 1199 quam

189 1200 251 1230 vim
274 1201 394 1239 habeat,
418 1202 516 1242 qualis
537 1202 594 1237 sit3
619 1202 681 1242 qua
701 1212 739 1232 ne
758 1202 790 1231 in
811 1202 879 1232 Deo
894 1202 1018 1242 quidem
1034 1207 1078 1232 est

188 1253 235 1274 res
250 1244 314 1273 ulla
329 1244 525 1284 praestantior.
549 1245 674 1282 Quanto
690 1255 759 1275 vero
775 1245 828 1274 illa
843 1251 924 1281 sunt,
941 1255 1010 1285 quae
1025 1255 1077 1275 vos

188 1287 366 1317 Academici
381 1287 540 1317 infirmatis
556 1294 585 1318 et
605 1288 720 1325 tollitis,
737 1288 830 1328 quod,
848 1294 877 1318 et
897 1287 1032 1318 sensibus
1048 1293 1077 1318 et

188 1329 303 1366 animo,
320 1340 365 1366 ea,
382 1341 451 1371 quae
471 1336 555 1360 extra
577 1336 658 1367 sunt,
680 1331 863 1371 percipimus
883 1336 974 1371 atque
994 1341 1077 1361 com-

187 1372 403 1412 prehendimus
416 1373 423 1403 l
448 1373 499 1404 Ex
515 1373 627 1413 quibus
642 1374 757 1403 collatis
772 1374 850 1404 inter
865 1384 895 1404 se
910 1380 939 1404 et
954 1383 1076 1414 compa-

187 1415 271 1453 ratis,
288 1421 364 1446 artes
379 1427 501 1456 quoque
518 1416 675 1454 efficimus,
691 1416 802 1457 partim
823 1416 862 1446 ad
882 1426 973 1446 usum
994 1417 1075 1454 vitae,

187 1458 299 1499 partim
314 1458 352 1489 ad
368 1459 608 1496 oblectationem,
626 1460 812 1489 necessarias.
847 1460 869 1490 J
872 1470 921 1489 am
938 1469 1007 1489 vero
1022 1459 1077 1490 do-

187 1502 272 1531 mina
295 1511 397 1531 rerum
422 1504 470 1535 (ut
495 1512 545 1532 vos
570 1502 670 1532 soletis
696 1502 805 1539 dicere)
831 1502 990 1543 eloquendi
1019 1502 1074 1540 vis,

188 1555 282 1585 quam
298 1550 341 1574 est
360 1545 513 1585 praeclara,
531 1555 686 1585 quamque
702 1545 824 1575 divina!
850 1556 919 1586 quae
938 1545 1076 1586 primum

188 1587 290 1624 efficit,
314 1592 348 1617 ut
371 1598 416 1626 ea,
445 1598 513 1628 quae
534 1587 720 1627 ignoramus,
743 1588 865 1624 discere,
887 1594 916 1618 et
938 1599 983 1625 ea,
1007 1599 1077 1629 quae

187 1630 310 1668 scimus,
332 1630 405 1661 alios
420 1630 524 1660 docere
540 1631 698 1670 possimus.
732 1630 852 1661 Deinde
867 1631 924 1661 hac
940 1631 1076 1661 cohorta-

185 1683 267 1709 mur,
285 1673 341 1703 hac
352 1673 578 1713 persuademus,
595 1673 651 1703 hac
665 1674 855 1704 consolamur
869 1674 1006 1711 afflictos,
1019 1674 1076 1704 hac

184 1716 362 1746 deducimus
372 1716 541 1757 perterritos
553 1727 570 1746 a
583 1717 699 1753 timore,
711 1717 767 1746 hac
776 1716 934 1756 gestientes
945 1717 1075 1757 compri-

184 1759 310 1796 mimus,
326 1759 382 1790 hac
398 1759 576 1800 cupiditates
596 1759 827 1800 iracundiasque
847 1759 1073 1800 restinguimus.
