1226 1935
221 97 281 127 138
346 96 469 128 TUSC.
487 96 660 135 QUAEST.
678 96 756 127 Lm.
773 96 800 127 Ι.
823 97 906 127 CAP.
923 98 974 127 35.

214 182 247 212 in
263 192 345 212 mare
364 183 516 222 abjecisse,
532 183 610 213 lecto
626 182 762 213 Platonis
781 182 868 213 libro.
891 182 970 222 Ejus
985 188 1099 221 autem,

213 235 305 266 quem
326 225 400 263 d'uxi,
415 225 555 266 Hegesiae
569 226 644 256 liber
663 232 717 263 est,
740 231 958 264 Αποκαρτερων,
980 226 1061 265 quod
1082 236 1101 256 a

215 269 277 298 vita
289 269 414 309 quidam
425 280 478 309 per
489 268 621 298 inediam
633 268 797 304 discedens,
810 274 965 298 revocatur
976 269 1014 297 ab
1027 268 1104 298 ami-

214 311 255 341 cis
268 323 275 341 :
300 311 411 352 quibus
427 311 620 352 respondens,
642 311 711 341 vitae
726 311 869 341 humanae
885 316 1041 340 enumerat
1055 311 1103 340 in-

213 354 382 384 commoda.
407 354 531 384 Possem
545 354 577 384 id
598 354 704 391 facere,
727 354 781 384 etsi
800 354 902 383 minus
924 363 1017 394 quam
1037 354 1101 390 ille,

213 397 267 437 qui
293 397 416 427 omnino
442 398 540 427 vivere
566 397 706 437 expedire
735 396 849 427 nemini
876 402 972 437 putat.
1006 396 1102 426 Mitto

213 439 306 470 alios:
331 440 461 470 etiamne
481 440 567 470 nobis
589 440 720 480 expedit,
742 440 806 480 qui,
832 445 861 469 et
881 438 1051 469 domesticis
1072 445 1101 469 et

212 482 380 513 forensibus
406 482 518 513 solatiis
543 483 786 522 ornamentisque
811 482 931 522 privati,
959 487 1046 519 certe,
1077 482 1103 512 si

211 531 282 555 ante
305 525 526 563 occidissemus,
548 535 629 555 mors
649 536 703 556 nos
723 536 741 555 a
761 525 860 562 malis,
882 535 942 555 non
964 536 982 554 a
1001 525 1099 563 bonis,

213 569 406 598 abstraxisset
417 570 430 599 Ρ

254 611 395 641 XXXV.
420 611 466 642 Sit
481 611 574 651 igitur
588 610 709 652 aliquis,
729 611 782 651 qui
797 610 873 640 nihil
888 610 962 639 mali
977 610 1098 646 habeat,

211 655 333 684 nullum
345 665 362 683 a
377 654 499 684 fortuna
514 654 625 683 vulnus
640 654 793 694 acceperit.
818 653 963 683 Metellus
979 653 1030 683 ille
1045 653 1100 683 ho-

210 697 322 727 noratis
343 703 473 737 quatuor
489 697 577 726 filiis:
602 703 634 726 at
654 696 876 737 quinquaginta
898 695 1058 731 Priamus;
1083 707 1099 726 e

210 740 333 780 quibus,
346 745 461 780 septem
476 745 505 769 et
519 739 623 770 decem
635 740 719 779 justa
734 749 827 769 uxore
842 739 929 769 natis.
962 739 1001 768 In
1016 744 1099 769 utro-

210 793 271 823 que
287 782 423 813 eamdem
439 783 548 812 habuit
569 783 690 812 fortuna
709 788 907 823 potestatem;
933 781 984 811 sed
999 792 1053 811 usa
1068 782 1099 811 in

210 826 304 855 altero
319 832 370 855 est.
403 825 566 856 Metellum
583 826 664 855 enim
679 825 770 855 multi
785 825 850 861 filii,
868 825 948 862 ffliae,
965 831 1098 865 nepotes,

209 874 323 909 neptes,
341 869 372 898 in
384 879 491 908 rogum
504 865 731 909 imposuerunt:
750 868 920 903 Priamum,
935 868 1018 898 tanta
1030 878 1100 907 pro-

208 912 295 951 genie
309 913 462 949 orbatum,
476 922 546 942 cum
558 912 589 941 in
601 921 684 941 aram
697 911 889 951 confugisset,
906 910 1020 940 hostilis
1032 921 1098 940 ma-

208 964 265 984 nus
285 954 445 985 interemit.
485 955 546 984 Hic
570 955 605 993 si,
629 955 703 985 vivis
724 954 804 991 filiis,
827 953 972 983 incolumi
993 963 1096 993 regno,

207 997 370 1036 occidisset,

249 1059 271 1074 ‘⁶
284 1057 436 1087 Adstante
451 1067 507 1098 ope
521 1057 688 1093 barbarica,

248 1100 351 1130 Tectis
367 1100 489 1138 caelatis,
505 1101 653 1141 laqueatis
664 1101 697 1136 ;''

203 1175 308 1199 utrum
321 1169 443 1199 tandem
458 1180 476 1199 a
490 1170 577 1199 bonis
593 1180 631 1199 an
647 1181 665 1200 a
679 1170 767 1200 malis
780 1170 957 1200 discessisset
969 1171 982 1200 ?
1006 1170 1091 1200 Tum

203 1213 334 1253 profecto
350 1213 500 1243 videretur
514 1223 532 1242 a
547 1213 642 1242 bonis.
666 1212 713 1242 At
724 1219 801 1243 certe
816 1213 843 1243 ei
857 1213 966 1243 melius
978 1213 1091 1243 evenis-

202 1262 266 1291 set3
291 1265 344 1286 nec
360 1261 422 1285 tam
439 1255 577 1286 flebiliter
592 1256 645 1286 illa
661 1262 847 1293 canerentur,

248 1318 268 1332 “
287 1315 363 1345 Haec.
378 1315 481 1345 onmia
497 1315 559 1345 vidi
574 1315 769 1353 inflammari,

246 1358 368 1387 Priamo
385 1358 413 1387 vi
429 1358 523 1388 vitam
539 1358 655 1397 evitari,

242 1401 264 1431 J
267 1401 330 1431 ovis
345 1411 429 1431 aram
446 1402 593 1443 sauguine
609 1401 757 1442 turpari.'’

199 1472 296 1509 Quasi
322 1482 391 1502 vero
413 1472 471 1502 ista
493 1472 523 1502 vi
539 1471 708 1513 quidquam
731 1478 798 1502 tum
822 1471 954 1512 potuerit
976 1471 1003 1501 ei
1025 1481 1089 1501 me-

202 1515 261 1545 lius
281 1515 421 1545 accidere.
446 1515 540 1553 Quod
560 1515 584 1544 si
599 1520 669 1546 ante
684 1514 847 1552 occidisset,
864 1521 965 1545 tamen
984 1513 1089 1553 [even-

198 1559 281 1599 tum]
299 1558 423 1588 omnino
439 1558 603 1588 amisisset:
628 1558 684 1588 hoc
699 1564 800 1588 autem
816 1564 951 1598 tempore
966 1567 1087 1588 sensum

199 1601 350 1631 malorum
362 1601 472 1631 amisit.
498 1601 644 1641 Pompeio
656 1607 757 1631 nostro
768 1600 921 1637 familiari,
938 1611 1009 1630 cum
1020 1610 1089 1640 gra-

198 1644 274 1674 viter
294 1644 465 1684 aegTotasset
487 1644 630 1684 Neapoli,
646 1644 755 1673 melius
771 1650 814 1674 est
829 1644 943 1674 factum
956 1645 969 1673 ἓ
994 1643 1087 1674 Coro-

198 1687 261 1716 nati
274 1687 468 1727 Neapolitani
481 1686 624 1722 fuerunt;
641 1687 787 1716 nimirum
800 1687 891 1717 etiam
904 1686 1065 1717 Puteolani
1076 1697 1086 1722 ;

199 1730 291 1770 vulgo
318 1740 355 1760 ex
381 1729 499 1771 oppidis
525 1730 645 1770 publice
668 1730 908 1770 gratulabantur.
942 1730 1087 1770 Ineptum

198 1783 268 1803 sane
283 1773 451 1814 negotium,
465 1779 494 1804 et
507 1772 695 1810 Graeculum,
710 1772 760 1804 sed
773 1779 874 1804 tamen
886 1773 1085 1804 fortunatum.
