<?xml version="1.0" encoding="UTF-8"?>
<!DOCTYPE html PUBLIC "-//W3C//DTD XHTML 1.0 Transitional//EN"
    "http://www.w3.org/TR/xhtml1/DTD/xhtml1-transitional.dtd">
<html xmlns="http://www.w3.org/1999/xhtml" xml:lang="en" lang="en">
 <head>
  <title>
</title>
<meta http-equiv="Content-Type" content="text/html;charset=utf-8" />
  <meta name='ocr-system' content='tesseract 3.04.00' />
  <meta name='ocr-capabilities' content='ocr_page ocr_carea ocr_par ocr_line ocrx_word'/>
</head>
<body>
  <div class='ocr_page' id='page_1' title='image "./operaern03ciceuoft_0133.png"; bbox 0 0 1226 1935; ppageno 0'>
   <div class='ocr_carea' id='block_1_1' title="bbox 231 76 992 116">
    <p class='ocr_par' dir='ltr' id='par_1_1' title="bbox 231 76 992 116">
     <span class='ocr_line' id='line_1_1' title="bbox 231 76 992 116; baseline 0 -8"><span class='ocrx_word' id='word_1_1' title='bbox 231 76 356 110; x_wconf 87' lang='lat' dir='ltr'><strong>TUSC.</strong></span> <span class='ocrx_word' id='word_1_2' title='bbox 372 76 546 116; x_wconf 84' lang='lat' dir='ltr'><strong>QUAEST.</strong></span> <span class='ocrx_word' id='word_1_3' title='bbox 563 76 642 109; x_wconf 81' lang='lat' dir='ltr'>Lm.</span> <span class='ocrx_word' id='word_1_4' title='bbox 657 77 684 108; x_wconf 94' lang='lat' dir='ltr'>I.</span> <span class='ocrx_word' id='word_1_5' title='bbox 702 76 786 108; x_wconf 68' lang='lat' dir='ltr'>CAP.</span> <span class='ocrx_word' id='word_1_6' title='bbox 800 78 849 109; x_wconf 88' lang='grc'>16.</span> <span class='ocrx_word' id='word_1_7' title='bbox 932 77 992 109; x_wconf 87' lang='grc'>119</span> 
     </span>
    </p>
   </div>
   <div class='ocr_carea' id='block_1_2' title="bbox 103 162 999 547">
    <p class='ocr_par' dir='ltr' id='par_1_2' title="bbox 103 162 999 547">
     <span class='ocr_line' id='line_1_2' title="bbox 106 162 995 204; baseline 0.001 -11"><span class='ocrx_word' id='word_1_8' title='bbox 106 172 171 193; x_wconf 90' lang='lat' dir='ltr'>mos</span> <span class='ocrx_word' id='word_1_9' title='bbox 194 162 376 194; x_wconf 82' lang='lat' dir='ltr'><strong>arbitramur</strong></span> <span class='ocrx_word' id='word_1_10' title='bbox 397 173 542 194; x_wconf 89' lang='lat' dir='ltr'>consensu</span> <span class='ocrx_word' id='word_1_11' title='bbox 566 163 724 194; x_wconf 87' lang='lat' dir='ltr'>nationum</span> <span class='ocrx_word' id='word_1_12' title='bbox 746 163 908 193; x_wconf 86' lang='lat' dir='ltr'>omnium:</span> <span class='ocrx_word' id='word_1_13' title='bbox 932 162 995 204; x_wconf 62' lang='lat' dir='ltr'>qua</span> 
     </span>
     <span class='ocr_line' id='line_1_3' title="bbox 105 205 996 247; baseline 0.001 -12"><span class='ocrx_word' id='word_1_14' title='bbox 105 206 137 236; x_wconf 93' lang='lat' dir='ltr'>in</span> <span class='ocrx_word' id='word_1_15' title='bbox 153 205 222 236; x_wconf 90' lang='lat' dir='ltr'>sede</span> <span class='ocrx_word' id='word_1_16' title='bbox 237 213 390 244; x_wconf 88' lang='lat' dir='ltr'>maneant,</span> <span class='ocrx_word' id='word_1_17' title='bbox 407 207 571 247; x_wconf 87' lang='lat' dir='ltr'>qualesque</span> <span class='ocrx_word' id='word_1_18' title='bbox 595 207 665 244; x_wconf 89' lang='lat' dir='ltr'>sint,</span> <span class='ocrx_word' id='word_1_19' title='bbox 682 206 797 236; x_wconf 86' lang='lat' dir='ltr'>ratione</span> <span class='ocrx_word' id='word_1_20' title='bbox 818 206 996 236; x_wconf 89' lang='lat' dir='ltr'>discendum</span> 
     </span>
     <span class='ocr_line' id='line_1_4' title="bbox 105 248 995 289; baseline -0.001 -10"><span class='ocrx_word' id='word_1_21' title='bbox 105 254 157 279; x_wconf 88' lang='lat' dir='ltr'>est.</span> <span class='ocrx_word' id='word_1_22' title='bbox 183 248 280 288; x_wconf 87' lang='lat' dir='ltr'>Cujus</span> <span class='ocrx_word' id='word_1_23' title='bbox 294 249 442 289; x_wconf 84' lang='lat' dir='ltr'>ignoratio</span> <span class='ocrx_word' id='word_1_24' title='bbox 453 249 542 279; x_wconf 84' lang='lat' dir='ltr'>finxit</span> <span class='ocrx_word' id='word_1_25' title='bbox 554 249 674 285; x_wconf 88' lang='lat' dir='ltr'>inferos,</span> <span class='ocrx_word' id='word_1_26' title='bbox 686 259 794 289; x_wconf 89' lang='lat' dir='ltr'>easque</span> <span class='ocrx_word' id='word_1_27' title='bbox 809 249 995 286; x_wconf 73' lang='lat' dir='ltr'>formidines,</span> 
     </span>
     <span class='ocr_line' id='line_1_5' title="bbox 106 292 998 331; baseline 0 -10"><span class='ocrx_word' id='word_1_28' title='bbox 106 302 182 331; x_wconf 92' lang='lat' dir='ltr'>quas</span> <span class='ocrx_word' id='word_1_29' title='bbox 198 297 231 322; x_wconf 87' lang='lat' dir='ltr'>tu</span> <span class='ocrx_word' id='word_1_30' title='bbox 247 298 437 322; x_wconf 83' lang='lat' dir='ltr'>contemnere</span> <span class='ocrx_word' id='word_1_31' title='bbox 452 301 512 322; x_wconf 92' lang='lat' dir='ltr'>non</span> <span class='ocrx_word' id='word_1_32' title='bbox 528 292 591 322; x_wconf 89' lang='lat' dir='ltr'>sine</span> <span class='ocrx_word' id='word_1_33' title='bbox 603 293 693 322; x_wconf 65' lang='lat' dir='ltr'>caus-51</span> <span class='ocrx_word' id='word_1_34' title='bbox 708 292 866 322; x_wconf 82' lang='lat' dir='ltr'>videbare:</span> <span class='ocrx_word' id='word_1_35' title='bbox 891 292 922 321; x_wconf 92' lang='lat' dir='ltr'>in</span> <span class='ocrx_word' id='word_1_36' title='bbox 939 298 998 321; x_wconf 92' lang='lat' dir='ltr'>ter-</span> 
     </span>
     <span class='ocr_line' id='line_1_6' title="bbox 107 334 999 376; baseline 0 -12"><span class='ocrx_word' id='word_1_37' title='bbox 107 344 175 364; x_wconf 51' lang='lat' dir='ltr'>ram«</span> <span class='ocrx_word' id='word_1_38' title='bbox 189 335 270 364; x_wconf 91' lang='lat' dir='ltr'>enim</span> <span class='ocrx_word' id='word_1_39' title='bbox 285 334 460 366; x_wconf 84' lang='lat' dir='ltr'>cadentibus</span> <span class='ocrx_word' id='word_1_40' title='bbox 475 335 659 375; x_wconf 74' lang='lat' dir='ltr'>corporibus,</span> <span class='ocrx_word' id='word_1_41' title='bbox 676 335 783 376; x_wconf 87' lang='lat' dir='ltr'>hisque</span> <span class='ocrx_word' id='word_1_42' title='bbox 803 334 899 364; x_wconf 91' lang='lat' dir='ltr'>humo</span> <span class='ocrx_word' id='word_1_43' title='bbox 915 334 999 364; x_wconf 83' lang='lat' dir='ltr'>tectis</span> 
     </span>
     <span class='ocr_line' id='line_1_7' title="bbox 107 377 997 418; baseline 0.001 -11"><span class='ocrx_word' id='word_1_44' title='bbox 107 379 137 410; x_wconf 88' lang='lat' dir='ltr'>(e</span> <span class='ocrx_word' id='word_1_45' title='bbox 152 388 214 418; x_wconf 89' lang='lat' dir='ltr'>quo</span> <span class='ocrx_word' id='word_1_46' title='bbox 229 377 343 408; x_wconf 90' lang='lat' dir='ltr'>dictum</span> <span class='ocrx_word' id='word_1_47' title='bbox 361 384 404 408; x_wconf 86' lang='lat' dir='ltr'>est</span> <span class='ocrx_word' id='word_1_48' title='bbox 418 378 569 415; x_wconf 66' lang='lat' dir='ltr'>humari),</span> <span class='ocrx_word' id='word_1_49' title='bbox 586 379 642 408; x_wconf 91' lang='lat' dir='ltr'>sub</span> <span class='ocrx_word' id='word_1_50' title='bbox 658 379 729 408; x_wconf 90' lang='lat' dir='ltr'>terr</span> <span class='ocrx_word' id='word_1_51' title='bbox 719 391 736 408; x_wconf 80' lang='grc' dir='ltr'>ι</span> <span class='ocrx_word' id='word_1_52' title='bbox 751 380 912 408; x_wconf 85' lang='lat' dir='ltr'>censebant</span> <span class='ocrx_word' id='word_1_53' title='bbox 926 377 997 407; x_wconf 88' lang='lat' dir='ltr'>reli-</span> 
     </span>
     <span class='ocr_line' id='line_1_8' title="bbox 105 420 996 461; baseline 0 -12"><span class='ocrx_word' id='word_1_54' title='bbox 105 430 199 460; x_wconf 88' lang='lat' dir='ltr'>quam</span> <span class='ocrx_word' id='word_1_55' title='bbox 215 421 309 450; x_wconf 85' lang='lat' dir='ltr'>vitam</span> <span class='ocrx_word' id='word_1_56' title='bbox 324 421 373 460; x_wconf 89' lang='lat' dir='ltr'>agi</span> <span class='ocrx_word' id='word_1_57' title='bbox 393 426 593 451; x_wconf 86' lang='lat' dir='ltr'>mortuorum.</span> <span class='ocrx_word' id='word_1_58' title='bbox 627 421 731 459; x_wconf 83' lang='lat' dir='ltr'>Quam</span> <span class='ocrx_word' id='word_1_59' title='bbox 753 431 857 451; x_wconf 90' lang='lat' dir='ltr'>eorum</span> <span class='ocrx_word' id='word_1_60' title='bbox 878 420 996 461; x_wconf 86' lang='lat' dir='ltr'>opinio-</span> 
     </span>
     <span class='ocr_line' id='line_1_9' title="bbox 104 463 995 512; baseline 0 -20"><span class='ocrx_word' id='word_1_61' title='bbox 104 472 174 493; x_wconf 87' lang='lat' dir='ltr'>nem</span> <span class='ocrx_word' id='word_1_62' title='bbox 197 463 301 503; x_wconf 86' lang='lat' dir='ltr'>magni</span> <span class='ocrx_word' id='word_1_63' title='bbox 324 474 435 494; x_wconf 87' lang='lat' dir='ltr'>errores</span> <span class='ocrx_word' id='word_1_64' title='bbox 456 464 607 494; x_wconf 89' lang='lat' dir='ltr'>consecuti</span> <span class='ocrx_word' id='word_1_65' title='bbox 629 470 721 499; x_wconf 79' lang='lat' dir='ltr'>sunt3</span> <span class='ocrx_word' id='word_1_66' title='bbox 746 474 822 512; x_wconf 76' lang='lat' dir='ltr'>quos</span> <span class='ocrx_word' id='word_1_67' title='bbox 843 469 995 494; x_wconf 80' lang='lat' dir='ltr'>auxerunt</span> 
     </span>
     <span class='ocr_line' id='line_1_10' title="bbox 103 506 993 547; baseline -0.001 -12"><span class='ocrx_word' id='word_1_68' title='bbox 103 509 209 545; x_wconf 86' lang='lat' dir='ltr'>poe&#39;tae.</span> <span class='ocrx_word' id='word_1_69' title='bbox 233 506 389 547; x_wconf 88' lang='lat' dir='ltr'>Frequens</span> <span class='ocrx_word' id='word_1_70' title='bbox 404 507 485 537; x_wconf 88' lang='lat' dir='ltr'>enim</span> <span class='ocrx_word' id='word_1_71' title='bbox 502 517 654 537; x_wconf 90' lang='lat' dir='ltr'>consessus</span> <span class='ocrx_word' id='word_1_72' title='bbox 669 506 810 544; x_wconf 87' lang='lat' dir='ltr'>theatri,&#39;</span> <span class='ocrx_word' id='word_1_73' title='bbox 802 517 833 536; x_wconf 82' lang='grc' dir='ltr'>ιη</span> <span class='ocrx_word' id='word_1_74' title='bbox 846 517 907 547; x_wconf 93' lang='lat' dir='ltr'>quo</span> <span class='ocrx_word' id='word_1_75' title='bbox 922 511 993 536; x_wconf 87' lang='lat' dir='ltr'>sunt</span> 
     </span>
    </p>
   </div>
   <div class='ocr_carea' id='block_1_3' title="bbox 102 548 993 622">
    <p class='ocr_par' dir='ltr' id='par_1_3' title="bbox 102 548 993 622">
     <span class='ocr_line' id='line_1_11' title="bbox 102 548 993 591; baseline 0 -13"><span class='ocrx_word' id='word_1_76' title='bbox 102 549 289 579; x_wconf 85' lang='lat' dir='ltr'>mulierculae</span> <span class='ocrx_word' id='word_1_77' title='bbox 310 555 339 580; x_wconf 91' lang='lat' dir='ltr'>et</span> <span class='ocrx_word' id='word_1_78' title='bbox 358 549 456 591; x_wconf 88' lang='lat' dir='ltr'>pueri,</span> <span class='ocrx_word' id='word_1_79' title='bbox 478 556 627 588; x_wconf 90' lang='lat' dir='ltr'>movetur,</span> <span class='ocrx_word' id='word_1_80' title='bbox 649 549 774 580; x_wconf 88' lang='lat' dir='ltr'>audiens</span> <span class='ocrx_word' id='word_1_81' title='bbox 794 555 858 579; x_wconf 85' lang='lat' dir='ltr'>tam</span> <span class='ocrx_word' id='word_1_82' title='bbox 879 548 993 589; x_wconf 84' lang='lat' dir='ltr'>grande</span> 
     </span>
     <span class='ocr_line' id='line_1_12' title="bbox 105 601 246 622; baseline 0.007 -1"><span class='ocrx_word' id='word_1_83' title='bbox 105 601 246 622; x_wconf 87' lang='lat' dir='ltr'>carmen:</span> 
     </span>
    </p>
   </div>
   <div class='ocr_carea' id='block_1_4' title="bbox 148 646 997 852">
    <p class='ocr_par' dir='ltr' id='par_1_4' title="bbox 149 646 997 734">
     <span class='ocr_line' id='line_1_13' title="bbox 149 646 997 692; baseline 0 -12"><span class='ocrx_word' id='word_1_84' title='bbox 149 651 172 668; x_wconf 84' lang='grc'><strong>“</strong></span> <span class='ocrx_word' id='word_1_85' title='bbox 187 650 322 688; x_wconf 82' lang='lat' dir='ltr'>Adsum,</span> <span class='ocrx_word' id='word_1_86' title='bbox 339 657 431 692; x_wconf 84' lang='lat' dir='ltr'>atque</span> <span class='ocrx_word' id='word_1_87' title='bbox 446 651 572 682; x_wconf 83' lang='lat' dir='ltr'>advenio</span> <span class='ocrx_word' id='word_1_88' title='bbox 587 651 772 690; x_wconf 81' lang='lat' dir='ltr'>Acheronte,</span> <span class='ocrx_word' id='word_1_89' title='bbox 790 651 853 690; x_wconf 83' lang='lat' dir='ltr'>vix,</span> <span class='ocrx_word' id='word_1_90' title='bbox 869 646 919 681; x_wconf 60' lang='lat' dir='ltr'>iria</span> <span class='ocrx_word' id='word_1_91' title='bbox 934 650 997 680; x_wconf 56' lang='lat' dir='ltr'>alta</span> 
     </span>
     <span class='ocr_line' id='line_1_14' title="bbox 277 694 490 734; baseline 0 -10"><span class='ocrx_word' id='word_1_92' title='bbox 277 700 368 734; x_wconf 87' lang='lat' dir='ltr'>atque</span> <span class='ocrx_word' id='word_1_93' title='bbox 383 694 490 731; x_wconf 66' lang='lat' dir='ltr'>ardua,</span> 
     </span>
    </p>

    <p class='ocr_par' dir='ltr' id='par_1_5' title="bbox 149 736 982 778">
     <span class='ocr_line' id='line_1_15' title="bbox 149 736 982 778; baseline 0 -12"><span class='ocrx_word' id='word_1_94' title='bbox 149 736 208 766; x_wconf 91' lang='lat' dir='ltr'>Per</span> <span class='ocrx_word' id='word_1_95' title='bbox 223 737 380 777; x_wconf 86' lang='lat' dir='ltr'>speluncas</span> <span class='ocrx_word' id='word_1_96' title='bbox 396 737 475 767; x_wconf 86' lang='lat' dir='ltr'>saxis</span> <span class='ocrx_word' id='word_1_97' title='bbox 490 742 616 768; x_wconf 85' lang='lat' dir='ltr'>structas</span> <span class='ocrx_word' id='word_1_98' title='bbox 632 737 753 778; x_wconf 82' lang='lat' dir='ltr'>asperis,</span> <span class='ocrx_word' id='word_1_99' title='bbox 770 737 982 778; x_wconf 71' lang='lat' dir='ltr'>pendentibus,</span> 
     </span>
    </p>

    <p class='ocr_par' dir='ltr' id='par_1_6' title="bbox 148 779 996 852">
     <span class='ocr_line' id='line_1_16' title="bbox 148 779 996 821; baseline 0.001 -13"><span class='ocrx_word' id='word_1_100' title='bbox 148 779 319 810; x_wconf 84' lang='lat' dir='ltr'>Maximis:</span> <span class='ocrx_word' id='word_1_101' title='bbox 344 780 397 810; x_wconf 89' lang='lat' dir='ltr'>ubi</span> <span class='ocrx_word' id='word_1_102' title='bbox 421 780 518 820; x_wconf 81' lang='lat' dir='ltr'>rigida</span> <span class='ocrx_word' id='word_1_103' title='bbox 540 786 656 811; x_wconf 89' lang='lat' dir='ltr'>constat</span> <span class='ocrx_word' id='word_1_104' title='bbox 678 791 775 811; x_wconf 87' lang='lat' dir='ltr'>crassa</span> <span class='ocrx_word' id='word_1_105' title='bbox 798 780 895 821; x_wconf 85' lang='lat' dir='ltr'>caligo</span> <span class='ocrx_word' id='word_1_106' title='bbox 918 779 996 810; x_wconf 86' lang='lat' dir='ltr'>infe-</span> 
     </span>
     <span class='ocr_line' id='line_1_17' title="bbox 277 823 380 852; baseline 0 0"><span class='ocrx_word' id='word_1_107' title='bbox 277 823 380 852; x_wconf 56' lang='lat' dir='ltr'>rhmss&#39;</span> 
     </span>
    </p>
   </div>
   <div class='ocr_carea' id='block_1_5' title="bbox 104 892 999 1274">
    <p class='ocr_par' dir='ltr' id='par_1_7' title="bbox 104 892 999 1274">
     <span class='ocr_line' id='line_1_18' title="bbox 105 892 995 934; baseline 0 -11"><span class='ocrx_word' id='word_1_108' title='bbox 105 892 306 934; x_wconf 88' lang='lat' dir='ltr'>Tantumque</span> <span class='ocrx_word' id='word_1_109' title='bbox 323 892 419 923; x_wconf 85' lang='lat' dir='ltr'>valuit</span> <span class='ocrx_word' id='word_1_110' title='bbox 435 903 515 923; x_wconf 89' lang='lat' dir='ltr'>error</span> <span class='ocrx_word' id='word_1_111' title='bbox 530 892 598 934; x_wconf 88' lang='lat' dir='ltr'>(qui</span> <span class='ocrx_word' id='word_1_112' title='bbox 612 893 689 923; x_wconf 90' lang='lat' dir='ltr'>mihi</span> <span class='ocrx_word' id='word_1_113' title='bbox 705 892 829 934; x_wconf 86' lang='lat' dir='ltr'>quidem</span> <span class='ocrx_word' id='word_1_114' title='bbox 842 893 907 932; x_wconf 89' lang='lat' dir='ltr'>jam</span> <span class='ocrx_word' id='word_1_115' title='bbox 923 894 995 923; x_wconf 90' lang='lat' dir='ltr'>sub-</span> 
     </span>
     <span class='ocr_line' id='line_1_19' title="bbox 104 936 999 977; baseline -0.001 -11"><span class='ocrx_word' id='word_1_116' title='bbox 104 936 184 966; x_wconf 89' lang='lat' dir='ltr'>latus</span> <span class='ocrx_word' id='word_1_117' title='bbox 195 936 338 974; x_wconf 84' lang='lat' dir='ltr'>videtur),</span> <span class='ocrx_word' id='word_1_118' title='bbox 351 942 396 971; x_wconf 75' lang='lat' dir='ltr'>ut,</span> <span class='ocrx_word' id='word_1_119' title='bbox 408 946 532 977; x_wconf 88' lang='lat' dir='ltr'>corpora</span> <span class='ocrx_word' id='word_1_120' title='bbox 543 942 674 967; x_wconf 87' lang='lat' dir='ltr'>cremata</span> <span class='ocrx_word' id='word_1_121' title='bbox 685 946 756 967; x_wconf 91' lang='lat' dir='ltr'>cum</span> <span class='ocrx_word' id='word_1_122' title='bbox 767 936 885 973; x_wconf 83' lang='lat' dir='ltr'>scirent,</span> <span class='ocrx_word' id='word_1_123' title='bbox 896 942 999 966; x_wconf 88' lang='lat' dir='ltr'>tamen</span> 
     </span>
     <span class='ocr_line' id='line_1_20' title="bbox 107 979 996 1020; baseline -0.001 -11"><span class='ocrx_word' id='word_1_124' title='bbox 107 990 142 1009; x_wconf 90' lang='lat' dir='ltr'>ea</span> <span class='ocrx_word' id='word_1_125' title='bbox 157 979 222 1009; x_wconf 87' lang='lat' dir='ltr'>fieri</span> <span class='ocrx_word' id='word_1_126' title='bbox 237 979 320 1020; x_wconf 90' lang='lat' dir='ltr'>apud</span> <span class='ocrx_word' id='word_1_127' title='bbox 343 979 455 1009; x_wconf 88' lang='lat' dir='ltr'>inferos</span> <span class='ocrx_word' id='word_1_128' title='bbox 479 979 636 1019; x_wconf 85' lang='lat' dir='ltr'>fingerent,</span> <span class='ocrx_word' id='word_1_129' title='bbox 653 990 722 1020; x_wconf 86' lang='lat' dir='ltr'>quae</span> <span class='ocrx_word' id='word_1_130' title='bbox 743 979 806 1009; x_wconf 88' lang='lat' dir='ltr'>sine</span> <span class='ocrx_word' id='word_1_131' title='bbox 821 979 996 1019; x_wconf 91' lang='lat' dir='ltr'>corporibus</span> 
     </span>
     <span class='ocr_line' id='line_1_21' title="bbox 105 1022 996 1063; baseline 0 -11"><span class='ocrx_word' id='word_1_132' title='bbox 105 1032 160 1052; x_wconf 90' lang='lat' dir='ltr'>nec</span> <span class='ocrx_word' id='word_1_133' title='bbox 176 1022 241 1052; x_wconf 87' lang='lat' dir='ltr'>fieri</span> <span class='ocrx_word' id='word_1_134' title='bbox 255 1028 387 1063; x_wconf 84' lang='lat' dir='ltr'>possent,</span> <span class='ocrx_word' id='word_1_135' title='bbox 404 1032 458 1052; x_wconf 90' lang='lat' dir='ltr'>nec</span> <span class='ocrx_word' id='word_1_136' title='bbox 478 1022 616 1062; x_wconf 86' lang='lat' dir='ltr'>intelligi.</span> <span class='ocrx_word' id='word_1_137' title='bbox 640 1023 773 1052; x_wconf 89' lang='lat' dir='ltr'>Animos</span> <span class='ocrx_word' id='word_1_138' title='bbox 793 1022 875 1052; x_wconf 88' lang='lat' dir='ltr'>enim</span> <span class='ocrx_word' id='word_1_139' title='bbox 891 1032 944 1063; x_wconf 90' lang='lat' dir='ltr'>per</span> <span class='ocrx_word' id='word_1_140' title='bbox 965 1032 996 1052; x_wconf 90' lang='lat' dir='ltr'>se</span> 
     </span>
     <span class='ocr_line' id='line_1_22' title="bbox 104 1064 997 1105; baseline -0.001 -10"><span class='ocrx_word' id='word_1_141' title='bbox 104 1065 183 1105; x_wconf 87' lang='lat' dir='ltr'>ipsos</span> <span class='ocrx_word' id='word_1_142' title='bbox 206 1066 337 1096; x_wconf 86' lang='lat' dir='ltr'>viventes</span> <span class='ocrx_word' id='word_1_143' title='bbox 359 1075 420 1095; x_wconf 92' lang='lat' dir='ltr'>non</span> <span class='ocrx_word' id='word_1_144' title='bbox 443 1070 582 1105; x_wconf 85' lang='lat' dir='ltr'>poterant</span> <span class='ocrx_word' id='word_1_145' title='bbox 604 1071 706 1096; x_wconf 87' lang='lat' dir='ltr'>mente</span> <span class='ocrx_word' id='word_1_146' title='bbox 733 1064 910 1105; x_wconf 81' lang='lat' dir='ltr'>complecti:</span> <span class='ocrx_word' id='word_1_147' title='bbox 935 1065 997 1094; x_wconf 88' lang='lat' dir='ltr'>for-</span> 
     </span>
     <span class='ocr_line' id='line_1_23' title="bbox 104 1107 997 1149; baseline -0.001 -11"><span class='ocrx_word' id='word_1_148' title='bbox 104 1118 188 1138; x_wconf 89' lang='lat' dir='ltr'>mam</span> <span class='ocrx_word' id='word_1_149' title='bbox 204 1109 338 1149; x_wconf 81' lang='lat' dir='ltr'>aliquam</span> <span class='ocrx_word' id='word_1_150' title='bbox 354 1108 546 1148; x_wconf 84' lang='lat' dir='ltr'>figuramque</span> <span class='ocrx_word' id='word_1_151' title='bbox 561 1110 754 1148; x_wconf 87' lang='lat' dir='ltr'>quaerebant:</span> <span class='ocrx_word' id='word_1_152' title='bbox 779 1107 850 1138; x_wconf 89' lang='lat' dir='ltr'>inde</span> <span class='ocrx_word' id='word_1_153' title='bbox 866 1107 997 1137; x_wconf 89' lang='lat' dir='ltr'>Homeri</span> 
     </span>
     <span class='ocr_line' id='line_1_24' title="bbox 105 1150 997 1192; baseline -0.001 -11"><span class='ocrx_word' id='word_1_154' title='bbox 105 1157 169 1181; x_wconf 83' lang='lat' dir='ltr'>tota</span> <span class='ocrx_word' id='word_1_155' title='bbox 198 1162 309 1181; x_wconf 72' lang='grc' dir='ltr'><em>νεκυιαε</em></span> <span class='ocrx_word' id='word_1_156' title='bbox 342 1151 413 1181; x_wconf 89' lang='lat' dir='ltr'>inde</span> <span class='ocrx_word' id='word_1_157' title='bbox 439 1161 484 1188; x_wconf 86' lang='lat' dir='ltr'>ea,</span> <span class='ocrx_word' id='word_1_158' title='bbox 515 1162 584 1192; x_wconf 89' lang='lat' dir='ltr'>quae</span> <span class='ocrx_word' id='word_1_159' title='bbox 613 1162 699 1181; x_wconf 87' lang='lat' dir='ltr'>meus</span> <span class='ocrx_word' id='word_1_160' title='bbox 728 1151 843 1182; x_wconf 87' lang='lat' dir='ltr'>amicus</span> <span class='ocrx_word' id='word_1_161' title='bbox 872 1150 997 1191; x_wconf 90' lang='lat' dir='ltr'>Appius</span> 
     </span>
     <span class='ocr_line' id='line_1_25' title="bbox 106 1193 999 1232; baseline 0.001 -10"><span class='ocrx_word' id='word_1_162' title='bbox 106 1205 305 1232; x_wconf 60' lang='grc' dir='ltr'>νεκρομαντεια</span> <span class='ocrx_word' id='word_1_163' title='bbox 326 1193 472 1224; x_wconf 84' lang='lat' dir='ltr'>faciebat.</span> <span class='ocrx_word' id='word_1_164' title='bbox 500 1193 598 1224; x_wconf 86' lang='lat' dir='ltr'>inde</span> <span class='ocrx_word' id='word_1_165' title='bbox 589 1204 621 1224; x_wconf 88' lang='lat' dir='ltr'>m</span> <span class='ocrx_word' id='word_1_166' title='bbox 643 1194 754 1225; x_wconf 83' lang='lat' dir='ltr'>vicinia</span> <span class='ocrx_word' id='word_1_167' title='bbox 767 1193 871 1224; x_wconf 83' lang='lat' dir='ltr'>nostra</span> <span class='ocrx_word' id='word_1_168' title='bbox 880 1193 999 1224; x_wconf 88' lang='lat' dir='ltr'>Averni</span> 
     </span>
     <span class='ocr_line' id='line_1_26' title="bbox 107 1236 202 1274; baseline 0.011 -9"><span class='ocrx_word' id='word_1_169' title='bbox 107 1236 202 1274; x_wconf 87' lang='lat' dir='ltr'>lacus,</span> 
     </span>
    </p>
   </div>
   <div class='ocr_carea' id='block_1_6' title="bbox 148 1295 1000 1455">
    <p class='ocr_par' dir='ltr' id='par_1_8' title="bbox 151 1295 1000 1370">
     <span class='ocr_line' id='line_1_27' title="bbox 151 1295 1000 1338; baseline 0.001 -12"><span class='ocrx_word' id='word_1_170' title='bbox 151 1297 173 1314; x_wconf 84' lang='lat'><strong>“</strong></span> <span class='ocrx_word' id='word_1_171' title='bbox 186 1295 278 1326; x_wconf 89' lang='lat' dir='ltr'>Unde</span> <span class='ocrx_word' id='word_1_172' title='bbox 292 1296 403 1327; x_wconf 86' lang='lat' dir='ltr'>animae</span> <span class='ocrx_word' id='word_1_173' title='bbox 422 1295 591 1327; x_wconf 83' lang='lat' dir='ltr'>excitantur</span> <span class='ocrx_word' id='word_1_174' title='bbox 605 1295 733 1328; x_wconf 64' lang='lat' dir='ltr'>obscura</span> <span class='ocrx_word' id='word_1_175' title='bbox 752 1295 873 1335; x_wconf 58' lang='lat' dir='ltr'>umbra,</span> <span class='ocrx_word' id='word_1_176' title='bbox 895 1301 1000 1338; x_wconf 87' lang='lat' dir='ltr'>aperto</span> 
     </span>
     <span class='ocr_line' id='line_1_28' title="bbox 236 1339 312 1370; baseline 0.013 -1"><span class='ocrx_word' id='word_1_177' title='bbox 236 1339 312 1370; x_wconf 90' lang='lat' dir='ltr'>ostio</span> 
     </span>
    </p>

    <p class='ocr_par' dir='ltr' id='par_1_9' title="bbox 148 1381 999 1455">
     <span class='ocr_line' id='line_1_29' title="bbox 148 1381 999 1425; baseline 0.001 -14"><span class='ocrx_word' id='word_1_178' title='bbox 148 1381 217 1412; x_wconf 85' lang='lat' dir='ltr'>Alti</span> <span class='ocrx_word' id='word_1_179' title='bbox 239 1381 433 1421; x_wconf 83' lang='lat' dir='ltr'>Acherontis,</span> <span class='ocrx_word' id='word_1_180' title='bbox 452 1381 562 1425; x_wconf 86' lang='lat' dir='ltr'>[salso]</span> <span class='ocrx_word' id='word_1_181' title='bbox 579 1382 736 1424; x_wconf 87' lang='lat' dir='ltr'>sanguine,</span> <span class='ocrx_word' id='word_1_182' title='bbox 752 1382 900 1424; x_wconf 82' lang='lat' dir='ltr'>imagines</span> <span class='ocrx_word' id='word_1_183' title='bbox 914 1392 999 1414; x_wconf 90' lang='lat' dir='ltr'>mor-</span> 
     </span>
     <span class='ocr_line' id='line_1_30' title="bbox 234 1424 379 1455; baseline 0 0"><span class='ocrx_word' id='word_1_184' title='bbox 234 1424 379 1455; x_wconf 63' lang='lat' dir='ltr'>tuorum)</span> 
     </span>
    </p>
   </div>
   <div class='ocr_carea' id='block_1_7' title="bbox 106 1494 1004 1796">
    <p class='ocr_par' dir='ltr' id='par_1_10' title="bbox 106 1494 1004 1796">
     <span class='ocr_line' id='line_1_31' title="bbox 108 1494 1001 1537; baseline 0 -11"><span class='ocrx_word' id='word_1_185' title='bbox 108 1495 176 1526; x_wconf 90' lang='lat' dir='ltr'>Has</span> <span class='ocrx_word' id='word_1_186' title='bbox 200 1501 303 1526; x_wconf 87' lang='lat' dir='ltr'>tamen</span> <span class='ocrx_word' id='word_1_187' title='bbox 326 1496 473 1537; x_wconf 86' lang='lat' dir='ltr'>imagines</span> <span class='ocrx_word' id='word_1_188' title='bbox 496 1496 582 1537; x_wconf 88' lang='lat' dir='ltr'>loqui</span> <span class='ocrx_word' id='word_1_189' title='bbox 601 1496 726 1527; x_wconf 83' lang='lat' dir='ltr'>volunt:</span> <span class='ocrx_word' id='word_1_190' title='bbox 751 1495 834 1537; x_wconf 85' lang='lat' dir='ltr'>quod</span> <span class='ocrx_word' id='word_1_191' title='bbox 857 1494 921 1526; x_wconf 86' lang='lat' dir='ltr'>fieri</span> <span class='ocrx_word' id='word_1_192' title='bbox 945 1505 1001 1526; x_wconf 91' lang='lat' dir='ltr'>nec</span> 
     </span>
     <span class='ocr_line' id='line_1_32' title="bbox 106 1538 999 1580; baseline -0.001 -11"><span class='ocrx_word' id='word_1_193' title='bbox 106 1539 171 1569; x_wconf 92' lang='lat' dir='ltr'>sine</span> <span class='ocrx_word' id='word_1_194' title='bbox 185 1539 304 1579; x_wconf 64' lang='lat' dir='ltr'>lingua,</span> <span class='ocrx_word' id='word_1_195' title='bbox 321 1549 376 1569; x_wconf 90' lang='lat' dir='ltr'>nec</span> <span class='ocrx_word' id='word_1_196' title='bbox 391 1540 454 1570; x_wconf 91' lang='lat' dir='ltr'>sine</span> <span class='ocrx_word' id='word_1_197' title='bbox 474 1540 586 1580; x_wconf 85' lang='lat' dir='ltr'>palato,</span> <span class='ocrx_word' id='word_1_198' title='bbox 609 1549 663 1569; x_wconf 91' lang='lat' dir='ltr'>nec</span> <span class='ocrx_word' id='word_1_199' title='bbox 683 1539 746 1570; x_wconf 88' lang='lat' dir='ltr'>sine</span> <span class='ocrx_word' id='word_1_200' title='bbox 767 1538 903 1569; x_wconf 88' lang='lat' dir='ltr'>faucium</span> <span class='ocrx_word' id='word_1_201' title='bbox 923 1538 999 1568; x_wconf 85' lang='lat' dir='ltr'>late-</span> 
     </span>
     <span class='ocr_line' id='line_1_33' title="bbox 108 1581 1001 1623; baseline -0.002 -11"><span class='ocrx_word' id='word_1_202' title='bbox 108 1592 216 1612; x_wconf 87' lang='lat' dir='ltr'>rumve</span> <span class='ocrx_word' id='word_1_203' title='bbox 232 1588 261 1612; x_wconf 88' lang='lat' dir='ltr'>et</span> <span class='ocrx_word' id='word_1_204' title='bbox 275 1582 459 1622; x_wconf 89' lang='lat' dir='ltr'>pulmonum</span> <span class='ocrx_word' id='word_1_205' title='bbox 475 1583 506 1613; x_wconf 91' lang='lat' dir='ltr'>vi</span> <span class='ocrx_word' id='word_1_206' title='bbox 520 1588 550 1613; x_wconf 90' lang='lat' dir='ltr'>et</span> <span class='ocrx_word' id='word_1_207' title='bbox 564 1582 663 1623; x_wconf 61' lang='lat' dir='ltr'>figura</span> <span class='ocrx_word' id='word_1_208' title='bbox 677 1588 784 1623; x_wconf 83' lang='lat' dir='ltr'>potest.</span> <span class='ocrx_word' id='word_1_209' title='bbox 817 1582 908 1612; x_wconf 90' lang='lat' dir='ltr'>Nihil</span> <span class='ocrx_word' id='word_1_210' title='bbox 919 1581 1001 1611; x_wconf 90' lang='lat' dir='ltr'>enim</span> 
     </span>
     <span class='ocr_line' id='line_1_34' title="bbox 107 1624 1000 1666; baseline 0 -12"><span class='ocrx_word' id='word_1_211' title='bbox 107 1625 211 1655; x_wconf 88' lang='lat' dir='ltr'>animo</span> <span class='ocrx_word' id='word_1_212' title='bbox 231 1624 331 1655; x_wconf 89' lang='lat' dir='ltr'>videre</span> <span class='ocrx_word' id='word_1_213' title='bbox 351 1631 490 1666; x_wconf 83' lang='lat' dir='ltr'>poterant</span> <span class='ocrx_word' id='word_1_214' title='bbox 502 1637 511 1655; x_wconf 74' lang='lat' dir='ltr'><strong><em>z</em></strong></span> <span class='ocrx_word' id='word_1_215' title='bbox 535 1625 574 1655; x_wconf 90' lang='lat' dir='ltr'>ad</span> <span class='ocrx_word' id='word_1_216' title='bbox 589 1626 690 1656; x_wconf 81' lang='lat' dir='ltr'>oculos</span> <span class='ocrx_word' id='word_1_217' title='bbox 705 1625 808 1656; x_wconf 89' lang='lat' dir='ltr'>omnia</span> <span class='ocrx_word' id='word_1_218' title='bbox 822 1625 1000 1655; x_wconf 80' lang='lat' dir='ltr'>referebant.</span> 
     </span>
     <span class='ocr_line' id='line_1_35' title="bbox 108 1666 1001 1709; baseline 0.001 -13"><span class='ocrx_word' id='word_1_219' title='bbox 108 1667 221 1708; x_wconf 88' lang='lat' dir='ltr'>Magni</span> <span class='ocrx_word' id='word_1_220' title='bbox 241 1674 344 1698; x_wconf 88' lang='lat' dir='ltr'>autem</span> <span class='ocrx_word' id='word_1_221' title='bbox 364 1674 408 1699; x_wconf 89' lang='lat' dir='ltr'>est</span> <span class='ocrx_word' id='word_1_222' title='bbox 422 1668 547 1709; x_wconf 86' lang='lat' dir='ltr'>ingenii,</span> <span class='ocrx_word' id='word_1_223' title='bbox 569 1678 705 1699; x_wconf 86' lang='lat' dir='ltr'>sevocare</span> <span class='ocrx_word' id='word_1_224' title='bbox 724 1673 859 1699; x_wconf 87' lang='lat' dir='ltr'>mentem</span> <span class='ocrx_word' id='word_1_225' title='bbox 875 1678 893 1697; x_wconf 91' lang='lat' dir='ltr'>a</span> <span class='ocrx_word' id='word_1_226' title='bbox 908 1666 1001 1698; x_wconf 89' lang='lat' dir='ltr'>sensi-</span> 
     </span>
     <span class='ocr_line' id='line_1_36' title="bbox 107 1710 1003 1751; baseline -0.001 -10"><span class='ocrx_word' id='word_1_227' title='bbox 107 1711 177 1749; x_wconf 86' lang='lat' dir='ltr'>bus,</span> <span class='ocrx_word' id='word_1_228' title='bbox 201 1716 231 1741; x_wconf 88' lang='lat' dir='ltr'>et</span> <span class='ocrx_word' id='word_1_229' title='bbox 251 1711 463 1751; x_wconf 84' lang='lat' dir='ltr'>cogitationem</span> <span class='ocrx_word' id='word_1_230' title='bbox 479 1722 497 1742; x_wconf 87' lang='lat' dir='ltr'>a</span> <span class='ocrx_word' id='word_1_231' title='bbox 512 1711 729 1742; x_wconf 88' lang='lat' dir='ltr'>consuetudine</span> <span class='ocrx_word' id='word_1_232' title='bbox 749 1711 907 1741; x_wconf 88' lang='lat' dir='ltr'>abducere.</span> <span class='ocrx_word' id='word_1_233' title='bbox 938 1710 1003 1740; x_wconf 88' lang='lat' dir='ltr'>Ita-</span> 
     </span>
     <span class='ocr_line' id='line_1_37' title="bbox 108 1753 1004 1796; baseline 0.001 -12"><span class='ocrx_word' id='word_1_234' title='bbox 108 1763 169 1794; x_wconf 89' lang='lat' dir='ltr'>que</span> <span class='ocrx_word' id='word_1_235' title='bbox 184 1753 272 1789; x_wconf 82' lang='lat' dir='ltr'>credo</span> <span class='ocrx_word' id='word_1_236' title='bbox 287 1754 428 1796; x_wconf 75' lang='lat' dir='ltr'>equidem</span> <span class='ocrx_word' id='word_1_237' title='bbox 443 1755 534 1786; x_wconf 86' lang='lat' dir='ltr'>etiam</span> <span class='ocrx_word' id='word_1_238' title='bbox 546 1754 621 1789; x_wconf 78' lang='lat' dir='ltr'>alios</span> <span class='ocrx_word' id='word_1_239' title='bbox 632 1760 677 1786; x_wconf 84' lang='lat' dir='ltr'>tot</span> <span class='ocrx_word' id='word_1_240' title='bbox 688 1754 805 1789; x_wconf 76' lang='lat' dir='ltr'>saeculis</span> <span class='ocrx_word' id='word_1_241' title='bbox 818 1753 1004 1796; x_wconf 65' lang='lat' dir='ltr'>[disputasse</span> 
     </span>
    </p>
   </div>
  </div>
 </body>
</html>
