1226 1935
252 43 316 76 DE
339 44 537 84 FINIBUS,
563 45 640 76 11113.
659 45 700 77 V.
724 45 808 78 cst.
824 47 876 77 32.
959 47 1018 78 103

120 129 187 166 i›si,
204 130 258 172 qui
270 132 424 171 voluptate
436 138 465 162 et
481 132 582 162 dolore
594 132 698 162 omnia
713 132 894 170 metiuntur,
912 143 1014 163 nonne

119 141 263 210 clamant,
291 175 418 215 sapienti
444 175 513 215 plus
537 185 654 216 semper
678 175 791 212 adesse,
818 176 899 216 quod
926 176 1010 213 velit,

118 226 212 264 quam
225 217 307 257 quod
319 218 418 248 nolit?
444 219 524 247 Cum
541 224 660 248 tantum
676 218 769 258 igitur
784 219 815 248 in
832 219 942 249 virtute
958 230 1012 259 po-

118 265 193 288 nant
204 259 236 296 ii,
250 260 303 299 qui
319 271 348 290 se
363 260 507 297 fatentur,
525 261 643 290 virtutis
659 271 760 298 emsa,
778 261 836 291 nisi
855 272 890 291 ea
905 262 1013 302 volup-

117 307 210 334 tatem
235 302 353 340 acciret,
380 313 417 333 ne
441 313 569 333 manum
590 303 717 352 quideni
740 315 876 334 versuros
897 304 1012 353 fuisse;

116 344 193 384 quid
212 343 308 375 facere
323 355 377 375 nos
388 352 515 386 oportet,
529 346 582 387 qui
594 357 733 387 quamus
745 347 906 376 minimam
918 348 1013 377 animi

110 393 200 428 praest
212 389 326 418 antiam
342 389 483 418 omnibus
498 389 585 419 bonis
596 389 727 430 corporis
738 390 851 419 anteire
863 390 983 420 dicamu
986 401 1011 427 s,

114 437 149 460 ut
171 441 206 460 ea
226 441 264 460 ne
285 431 316 460 in
339 437 499 472 conspectu
522 432 647 473 quidem
669 432 904 473 relinquantur?
929 433 1009 470 Quis

114 473 196 503 enim
210 480 265 511 est,
282 473 335 514 qui
351 474 407 504 hoc
423 474 527 505 cadere
542 475 574 505 in
591 475 757 516 sapientem
773 475 870 505 dicere
885 476 1007 513 audeat,

116 522 160 553 ut,
179 516 203 546 si
219 516 282 547 fieri
297 517 401 557 possit,
419 517 562 548 virtutem
578 518 609 547 in
625 524 806 558 perpetuum
822 518 955 557 abjiciat,
974 525 1008 549 ut

114 559 215 589 dolore
235 560 320 589 omni
340 560 507 591 liberetur?
532 561 612 598 Quis
633 563 769 591 nostrum
791 561 902 591 dixerit
918 565 1008 602 (quos

114 612 175 632 non
196 602 290 643 pudet
312 613 357 640 ea,
380 614 448 643 quae
466 604 562 634 stoici
584 615 688 644 aspera
709 603 825 640 dicunt,
852 605 934 634 mala
960 605 1006 634 di-

112 651 191 681 cere)
207 646 316 675 melius
337 656 399 676 esse
414 646 541 687 turpiter
556 647 674 688 aliquid
694 646 790 677 facere
811 657 881 677 cum
898 648 1005 688 volup-

112 693 182 724 tate,
200 699 293 729 quam
310 689 433 719 honeste
449 700 519 719 cum
535 689 661 720 dolore?

156 731 254 761 Nobis
278 732 470 762 Heracleotes
490 733 541 762 ille
558 732 724 774 Dionysius
743 732 889 773 flagitiose
909 733 1003 764 desci-

112 774 186 804 visse
212 774 330 804 videtur
354 786 372 804 a
398 775 505 805 Stoicis
531 782 654 816 propter
676 776 833 806 oculorum
857 777 1001 807 dolorem.

111 816 209 854 Quasi
225 827 293 847 vero
308 817 365 847 hoc
380 817 530 848 didicisset
546 829 563 848 a
580 819 713 855 Zenone,
730 829 790 848 non
803 819 913 857 dolere,
931 830 1002 850 cum

109 859 248 890 doleret?
273 860 357 890 Illud
379 861 535 895 audierat;
560 871 614 891 nec
634 867 736 891 tamen
759 861 913 896 didicerat,
938 873 1002 892 ma-

109 902 176 932 lum
197 902 274 932 illud
290 912 350 933 non
367 914 439 941 esse,
457 904 529 944 quia
545 910 632 944 turpe
648 914 708 934 non
729 910 815 941 esset,
836 911 865 934 et
881 915 943 935 esse
958 906 1001 936 fe-

107 945 239 975 rendum
260 945 333 975 viro.
366 946 429 976 Hic
451 947 475 976 si
495 947 711 987 Peripateticus
727 947 843 985 fuisset,
859 958 1001 988 perman-

109 988 205 1025 sisset,
228 988 326 1026 credo,
344 989 374 1018 in
392 989 551 1027 sententia,
575 990 720 1030 quoniam
741 990 875 1020 dolorem
897 990 1001 1021 dicunt

108 1032 227 1061 malum
252 1042 323 1061 esse.
358 1032 406 1062 De
431 1033 589 1073 asperitate
610 1039 712 1063 autem
736 1034 800 1071 ejus
821 1033 938 1063 fortiter
958 1034 1001 1064 fe-

109 1074 214 1111 renda,
238 1074 418 1115 praecipiunt
445 1075 561 1111 eadem,
587 1086 656 1116 quae
683 1076 795 1106 Stoici:
821 1082 849 1106 et
877 1077 1000 1117 quidem

108 1117 260 1147 Arcesilas
276 1123 358 1155 tuus,
375 1118 429 1148 etsi
444 1118 503 1148 fuit
518 1118 550 1148 in
566 1118 737 1148 disserendo
748 1119 938 1159 pertinacior,
957 1126 1001 1150 ta-

108 1170 179 1190 men
196 1166 295 1190 noster
310 1160 388 1190 fuit:
413 1167 476 1191 erat
497 1161 578 1191 enim
595 1161 778 1192 Polemonis.
814 1162 845 1192 Is
866 1173 936 1193 cum
952 1174 1000 1193 ar.

107 1203 191 1233 deret
224 1203 366 1244 podagrae
401 1204 566 1241 doloribus,
601 1205 809 1245 visitassetque
842 1205 998 1236 hominem

107 1246 288 1284 Carneades,
314 1246 440 1287 Epicuri
464 1247 685 1287 perfamiliaris,
713 1254 742 1277 et
766 1248 857 1278 tristis
883 1249 998 1285 exiret3

108 1291 130 1306 ‘⁶
148 1289 255 1326 Mane,
280 1290 417 1330 quaeso,'’
440 1290 551 1331 inquit,
577 1292 599 1307 “
611 1290 768 1320 Carneade
784 1297 902 1321 noster:
921 1292 996 1322 nihil

106 1332 190 1362 illinc
205 1332 265 1362 hue
280 1333 448 1373 pervenit.”
471 1333 615 1363 Ostendit
635 1333 737 1374 pedes,
755 1340 783 1364 et
798 1340 912 1374 pectus.
936 1336 997 1365 At-

106 1380 208 1405 tamen
224 1375 273 1405 hic
288 1376 393 1405 mallet
408 1385 468 1405 non
484 1375 594 1406 dolere.

149 1418 298 1448 XXXII.
323 1418 400 1448 Haec
415 1419 508 1459 igitur
520 1425 563 1449 est
576 1424 677 1449 nostra
692 1418 779 1456 ratio,
796 1430 866 1461 quae
881 1420 937 1450 tibi
953 1422 997 1451 vi-

104 1460 192 1491 detur
218 1461 410 1492 inconstans.
441 1472 523 1500 cum,
553 1468 675 1503 propter
701 1463 820 1492 virtutis
847 1464 995 1494 coelestem

104 1504 282 1544 quamdam,
307 1510 335 1534 et
351 1504 410 1534 div
402 1514 497 1542 inam,
515 1512 693 1546 tantamque
708 1507 926 1545 praestantiam,
949 1513 995 1543 ut,

103 1547 158 1577 ubi
174 1547 268 1577 virtus
289 1547 337 1585 sit,
355 1558 461 1588 resque
476 1558 607 1588 magnae,
626 1547 798 1596 [sumendae
813 1549 994 1580 laudabiles-

104 1590 181 1630 que]
199 1590 309 1620 virtute
324 1596 426 1630 gestae,
446 1591 488 1621 ibi
510 1602 571 1621 esse
591 1591 712 1621 miseria
732 1597 761 1621 et
783 1602 919 1622 aerumna
934 1603 995 1622 non

103 1633 208 1673 possit
223 1638 324 1663 tamen
339 1633 425 1663 labor
440 1634 543 1674 possit,
557 1639 586 1664 et
598 1634 756 1670 molestia3
781 1645 842 1665 non
858 1635 995 1666 dubitem

104 1675 212 1713 dicere,
237 1685 341 1705 omnes
362 1676 509 1717 sapientes
531 1687 649 1717 semper
669 1678 771 1707 beatos
793 1688 866 1715 esse,
884 1679 935 1709 sed
951 1685 995 1708 ta—

102 1728 175 1748 men
190 1718 255 1749 fieri
271 1729 368 1759 posse,
385 1725 419 1750 ut
435 1719 472 1750 sit
488 1719 565 1751 alius
580 1720 639 1751 alio
654 1720 777 1750 beatior.
