1226 1935
223 279 286 319 M.
311 275 536 319 TULLII
569 272 915 323 CICERONIS,

555 382 605 406 DE

139 461 515 511 FINIBUS
567 454 1020 507 BONORUM

363 560 444 603 ET
479 556 794 608 MALORUM,

557 677 606 702 ΑΒ

458 768 702 814 BRUTUM,

386 879 528 911 LIBER
550 879 779 917 QUARTUS.

526 1000 639 1023 -φ-

186 1114 212 1144 1.
235 1113 328 1152 QUAE
354 1121 425 1143 cum
451 1110 585 1149 dixisset,
610 1111 703 1141 finem
728 1110 788 1141 ille.
821 1110 890 1152 Ego
913 1116 1027 1149 autem,

142 1157 174 1187 N
178 1168 203 1187 ae
214 1162 260 1195 tu,
274 1156 413 1196 inquam,
424 1154 512 1192 Cato,
524 1154 581 1184 ista
596 1153 760 1194 exposuisti
775 1160 838 1184 tam
854 1155 952 1184 multa
966 1164 1030 1184 me-

141 1200 276 1237 moriter,
295 1205 359 1229 tam
382 1199 509 1228 obscura
531 1197 671 1227 dilucide.
701 1197 810 1237 Itaque
833 1203 886 1227 aut
908 1197 1030 1227 omitta-

142 1252 212 1273 mus
226 1248 329 1273 contra
344 1241 467 1271 omnino
479 1240 555 1270 velle
570 1239 697 1281 aliquid,
713 1246 766 1270 aut
781 1240 913 1281 spatium
928 1250 1031 1270 suma-

142 1296 212 1316 mus
238 1285 277 1315 ad
302 1283 515 1325 cogitandum:
546 1288 609 1312 tam
636 1283 717 1313 enim
743 1283 912 1323 diligenter,
937 1289 977 1321 et,
1005 1282 1030 1312 si

143 1328 246 1358 minus
261 1338 328 1358 vere
344 1331 429 1362 (nam
444 1325 581 1356 nondum
596 1325 628 1355 id
645 1325 771 1367 quidem
792 1325 888 1356 audeo
906 1325 1029 1363 dicere),

141 1370 195 1401 sed
210 1377 311 1401 tamen
326 1375 462 1401 accurate
471 1378 531 1399 non
541 1368 632 1399 modo
641 1368 812 1407 fundatam,
824 1379 929 1399 verum
939 1368 1031 1399 etiam

143 1419 327 1445 exstructam
342 1412 532 1453 disciplinam
547 1421 608 1441 non
624 1417 667 1442 est
681 1411 768 1442 facile
783 1411 957 1452 perdiscere.

188 1457 274 1488 'rum
288 1456 352 1493 ille,
368 1455 456 1486 Ai'n'
469 1454 592 1485 tandem
604 1456 618 1485 Ρ
641 1454 760 1495 inquit:
784 1464 855 1485 cum
872 1465 926 1495 ego
936 1460 966 1485 te
975 1455 1032 1486 hac

145 1500 224 1530 nova
237 1500 304 1540 lege
319 1499 437 1530 videam
457 1498 562 1529 eodem
584 1497 632 1528 die
654 1498 817 1527 accusatori
841 1498 1031 1539 respondere,

144 1548 175 1573 et
190 1542 285 1573 tribus
298 1541 380 1572 horis
394 1551 542 1582 perorare,
558 1540 590 1570 in
605 1540 662 1570 hac
676 1550 726 1570 me
747 1540 836 1571 caus&
851 1546 971 1581 tempus
987 1541 1033 1570 di-

146 1585 281 1616 laturum
296 1591 384 1627 putas
395 1586 409 1615 ?
434 1594 504 1624 quae
518 1590 619 1613 tamen
635 1594 654 1613 a
668 1589 697 1614 te
713 1589 818 1623 agetur
833 1593 894 1613 non
912 1584 1031 1621 melior,

145 1638 239 1669 quam
254 1627 314 1658 inae
329 1632 410 1664 sunt,
424 1637 500 1667 quas
515 1626 667 1657 interdum
678 1626 804 1657 obtines.
829 1626 932 1664 Quare
944 1626 1033 1656 istam

145 1682 268 1711 quoque
283 1670 455 1711 aggredere,
471 1675 629 1700 tractatam
646 1669 810 1710 praesertim
823 1676 851 1699 et
867 1671 905 1699 ab
916 1669 992 1708 aliis,
1004 1675 1032 1700 et

146 1725 164 1744 a
181 1720 208 1745 te
223 1714 288 1756 ipso
304 1724 393 1755 saepe,
409 1718 444 1746 ut
457 1712 513 1745 tibi
527 1712 628 1745 deesse
642 1722 703 1745 non
719 1712 811 1755 possit
825 1712 928 1743 oratio.
