1226 1935
277 52 340 86 DE
365 52 563 92 FINIBUS,
588 52 667 83 Lm.
686 53 752 84 ΙΙΙ.
777 53 860 84 (Ἂν.
877 56 908 85 9.
999 55 1039 85 13

147 151 234 182 posse
259 140 388 171 incidere
414 139 550 180 sapienti.
590 139 641 169 Ex
667 150 728 180 quo
754 139 934 180 intelligitur
955 140 1036 170 idem

147 183 236 220 illud,
254 184 352 214 solum
368 184 483 213 bonum
499 192 571 219 esse,
588 182 669 223 quod
685 183 845 213 honestum
863 183 920 212 sit:
945 183 1039 223 idque

147 237 209 257 esse
220 228 306 257 beate
318 226 416 256 vivere
429 232 458 255 et
469 225 603 261 honeste,
615 225 646 254 id
655 231 709 262 est,
721 236 791 255 cum
805 226 915 255 virtute
927 226 1036 256 vivere.

191 269 252 299 IX.
271 269 337 299 Nec
353 279 421 298 vero
436 267 553 308 ignoro,
570 268 666 298 varias
680 268 929 308 philosophorum
945 268 1039 298 fuisse

147 312 320 347 sententias,
337 321 441 341 eorum
457 310 535 347 dico,
557 311 611 351 qui
632 321 789 341 summum
811 312 937 347 bonum,
955 311 1038 352 quod

145 355 292 385 ultimum
307 354 438 403 appello,
461 353 493 383 in
514 353 617 383 animo
632 359 786 394 ponerent.
819 354 906 391 Quos
928 364 1038 394 quam-

146 408 240 438 quam
263 397 367 427 vitiose
387 396 512 437 quidam
534 396 627 426 secuti
648 403 728 433 sunt,
751 403 852 426 tamen
868 407 929 426 non
946 396 1038 426 modo

144 439 192 471 his
207 440 315 477 tribus,
328 439 382 480 qui
397 439 539 469 virtutem
551 449 570 468 a
581 449 702 469 summo
713 440 793 469 bono
805 450 946 479 segregat·
949 445 1038 469 erunt

146 486 231 518 (cum
256 489 308 512 aut
332 482 531 522 voluptatem,
556 488 609 511 aut
633 482 813 512 vacuitatem
838 482 959 519 doloris,
984 488 1038 512 aut

145 527 246 567 prima
257 531 384 563 naturae,
397 525 428 555 in
445 525 572 554 summis
588 524 674 554 bonis
689 530 860 565 ponerent),
877 525 928 555 sed
944 525 1036 555 etiam

146 568 246 600 alteris
263 569 370 605 tribus,
387 567 440 608 qui
455 577 595 597 mancam
614 567 677 597 fore
692 574 886 608 putaverunt,
903 568 966 598 sine
981 568 1038 598 ali-

147 622 210 653 qua
234 611 409 648 accessione,
435 610 598 645 virtutem3
623 611 661 640 ob
685 621 813 651 eamque
839 621 914 647 rem,
942 611 1036 641 trium

146 664 252 685 earum
272 664 386 691 rerum,
408 663 483 694 quas
504 664 594 694 supra
615 652 689 691 dixi,
707 653 819 694 singuli
835 653 968 694 singulas
984 654 1039 683 ad-

145 697 306 727 diderunt:
331 697 378 727 his
394 702 494 726 tamen
511 696 654 726 omnibus
674 707 723 726 eos
732 703 905 745 antepono,
922 697 1037 727 cuicui-

146 740 231 770 modi
253 745 335 778 sunt,
352 739 405 780 qui
426 748 584 769 summum
598 739 739 769 bonum
731 749 763 769 in
778 739 881 770 animo
896 746 989 781 atque
1003 740 1035 770 in

146 783 256 814 virtute
271 788 445 823 posuerunt.

189 826 249 857 Sed
264 831 334 855 sunt
353 832 454 855 tamen
470 824 646 865 perabsurdi
662 831 691 856 et
702 825 734 862 ii,
749 825 813 866 qui,
830 835 900 856 cum
913 825 1037 856 scientia

144 869 256 905 vivere,
272 868 418 898 ultimum
433 869 596 905 bonorum,
613 874 642 898 et
658 869 712 909 qui
726 869 844 898 nullam
860 879 962 899 rerum
977 869 1038 899 dif-

143 912 302 942 ferentiam
316 922 388 947 esse,
402 911 564 946 dixerunt3
581 916 672 951 atque
682 911 724 941 ita
734 912 899 952 sapientem
912 913 1037 942 beatum

144 955 218 991 fore,
232 954 308 984 nihil
322 954 406 984 aliud
418 954 469 983 alii
481 959 635 984 momento
651 955 714 984 ullo
730 961 963 995 anteponentem
975 966 982 984 :
1000 961 1036 985 ut

145 997 272 1038 quidam
287 997 465 1027 Academici
480 996 666 1027 constituisse
686 997 840 1035 dicuntur,
862 1004 1035 1028 extremum

145 1041 307 1075 bonorum,
331 1046 360 1070 et
375 1049 532 1070 summum
548 1049 662 1070 munus
682 1050 744 1070 esse
764 1041 918 1081 sapientis,
942 1041 1036 1070 obsis-

144 1089 206 1113 tere
222 1084 302 1119 visis,
320 1093 516 1123 assensusque
531 1093 599 1113 suos
615 1082 701 1112 firme
717 1084 870 1114 sustinere.
900 1083 959 1114 His
975 1084 1036 1113 sin-

145 1127 225 1167 gulis
251 1126 367 1167 copiose
393 1125 565 1166 responderi
591 1126 683 1156 solet:
708 1126 759 1156 sed
786 1137 855 1167 quae
878 1127 1036 1167 perspicua

144 1176 226 1205 sunt,
250 1170 341 1210 longa
356 1179 417 1199 esse
432 1179 492 1198 non
513 1168 633 1199 debent.
671 1169 757 1206 Quid
772 1176 875 1200 autem
890 1170 1034 1210 apertius,

145 1222 250 1253 quam,
275 1213 299 1242 si
314 1212 432 1242 selectio
447 1212 533 1241 nulla
553 1211 602 1249 sit,
624 1213 661 1242 ab
677 1212 713 1242 iis
728 1214 816 1242 rebus
839 1223 909 1253 quae
931 1219 1036 1243 eontra

143 1262 284 1286 naturam
300 1255 371 1292 sint,
388 1265 492 1285 earum
515 1265 616 1284 rerum
632 1266 701 1296 quae
720 1255 779 1285 sint
800 1256 965 1286 secundum
982 1266 1036 1285 na-

142 1304 256 1335 turam,
280 1298 404 1328 tollatur
423 1297 522 1328 omnis
543 1308 588 1335 ea,
610 1309 679 1339 quae
699 1304 863 1339 quaeratur,
879 1298 1036 1329 laudetur-

143 1352 204 1382 que
227 1341 413 1382 prudentia?
447 1340 688 1381 Circumscriptis
709 1342 802 1381 igitur
823 1341 859 1372 iis
880 1342 1036 1372 sententiis

144 1395 220 1425 quas
240 1384 339 1425 posui,
362 1390 392 1414 et
405 1384 441 1413 iis
457 1395 526 1425 quae
541 1384 654 1414 similes
669 1395 773 1414 earum
789 1391 871 1421 sunt,
889 1384 1035 1425 relinqui-

142 1433 204 1465 tur,
227 1433 263 1457 ut
277 1436 434 1457 summum
449 1428 565 1457 bonum
581 1427 630 1465 sit,
649 1427 759 1464 vivere,
776 1427 932 1458 scientiam
948 1428 1035 1458 adhi-

142 1471 265 1500 bentem
287 1480 392 1500 earum
412 1480 513 1500 rerum
530 1481 599 1510 quae
613 1471 723 1500 natura
739 1471 888 1507 eveniant,
906 1471 1034 1510 seligen-

143 1518 205 1543 tem
221 1524 291 1554 quae
306 1513 473 1543 secundum
488 1519 640 1550 naturam,
665 1519 704 1550 et,
728 1513 752 1543 si
768 1524 837 1554 quae
855 1513 946 1543 etiam
962 1523 1034 1543 con-

141 1562 189 1586 tra
209 1562 349 1586 naturam
370 1555 441 1593 sint,
464 1556 668 1595 rejicientem;
692 1556 724 1586 id
745 1562 799 1593 est,
824 1556 1035 1587 convenienter

143 1605 401 1639 congruenterque
416 1605 532 1629 naturae
547 1599 654 1630 vivere.
678 1599 757 1630 Sed
750 1609 781 1629 in
794 1599 906 1629 caeteris
919 1599 1035 1629 artibus

143 1651 213 1670 cum
228 1641 337 1671 dicitur
359 1643 533 1681 artificiose,
556 1648 710 1682 posterum
733 1642 866 1683 quodam
882 1641 984 1679 modo,
1005 1648 1034 1671 et

141 1693 325 1724 consequens
340 1685 512 1724 putandum
528 1691 591 1721 est,
616 1685 698 1726 quod
719 1685 764 1714 1111
786 1696 1032 1722 mmmmm-mxcv

142 1727 316 1767 appellant:
334 1727 416 1768 quod
436 1734 538 1758 autem
554 1729 585 1758 in
602 1739 662 1770 quo
678 1730 761 1768 saph
764 1732 831 1758 nter
843 1727 983 1763 dicimus,
1001 1726 1033 1756 id

183 1770 332 1807 (Pltilos.)
355 1779 438 1802 VOL.
457 1780 513 1801 111.
753 1780 771 1800 c
