1180 1935
209 92 273 123 362
306 89 367 121 DE
389 89 499 121 NAT.
523 88 660 120 DEOR.
685 88 765 118 Lm.
784 87 830 118 ΙΙ.
854 86 938 118 ΟΑΡ.
955 87 1006 122 27.

207 179 304 217 jectus
323 176 401 207 inter
420 186 504 206 maro
523 180 553 205 et
570 174 691 212 coelum,
707 174 841 204 Junonis
856 173 980 203 nomine
995 181 1098 202 conse-

211 227 330 255 cratum
355 230 424 260 quae
438 225 482 249 est
496 228 577 249 soror
601 223 630 248 et
651 217 763 256 conjux
786 216 885 253 Jovis,
907 215 989 256 quod
1010 214 1037 244 ei
1057 214 1097 244 si-

210 262 354 293 militudo
369 268 412 292 est
428 261 556 298 aetheris,
576 267 606 291 et
626 270 695 290 cum
717 270 752 290 eo
773 269 893 289 summa
914 256 1095 297 conjunctim

211 305 438 337 Effeminarunt
464 310 566 334 autem
593 313 674 341 eum,
705 302 884 342 Junonique
914 301 1097 331 tribuerunt,

213 348 295 390 quod
310 348 387 377 nihil
403 354 446 378 est
461 357 495 377 eo
510 346 642 377 mollius.
675 345 735 375 Sed
750 345 772 375 J
775 355 907 375 unonem
927 355 945 374 a
957 344 1099 383 juvando

212 391 300 422 credo
315 390 514 420 nominatam.
538 390 633 429 Aqua
646 389 788 424 restabat,
806 393 835 418 et
850 393 939 422 terra,
956 392 991 416 ut
1003 393 1099 416 essent

213 445 251 465 ex
266 433 377 463 fabulis
393 433 449 463 tria
465 442 556 473 regna
572 432 675 461 divisa.
708 431 827 461 Datum
846 436 890 460 est
905 430 998 470 igitur
1014 429 1101 468 Nep*

213 483 300 514 tuno,
328 476 422 506 altero
446 475 534 505 Jovis
564 477 612 508 (ut
637 474 756 509 volunt)
783 473 879 510 fratri,
910 471 1099 502 maritimum

214 529 304 550 omne
319 528 467 559 regnum:
493 527 665 558 nomenque
680 516 874 557 productum,
896 521 930 545 ut
947 515 1101 545 Portunus

214 574 233 593 a
246 568 348 603 portu,
365 562 406 591 sic
424 561 588 600 Neptunus
603 570 622 589 a
636 560 746 596 nando,
766 559 894 599 paulum
914 558 1020 598 primis
1035 557 1102 587 lite-

213 605 255 635 ris
270 604 449 634 immutatis.
478 603 614 633 Terrena
635 608 738 632 autem
759 602 802 632 vis
824 601 922 631 omnis
943 607 1033 641 atque
1049 610 1103 629 na-

215 654 284 678 tura
307 647 373 677 Diti
396 646 474 687 patri
497 646 634 676 dedicata
657 651 722 679 est3
754 644 807 685 qui
830 646 928 674 Dives
951 646 999 677 (ut
1020 642 1103 683 apud

217 692 339 721 Graecos
357 694 518 726 Πλουτων),
535 689 608 729 quia
629 694 657 718 et
679 687 811 718 recidant
832 687 934 717 onmia
952 686 983 716 in
1000 692 1102 722 terras,

217 740 247 764 et
270 733 405 763 oriantur
426 742 442 761 e
466 732 561 762 terris.
595 732 626 761 Is
649 731 749 771 rapuit
773 730 997 770 Proserpinam,
1022 728 1104 769 quod

218 777 395 806 Graecorum
411 785 521 805 nomen
538 780 600 805 est:
625 784 659 804 ea
677 773 757 804 enim
779 779 833 810 est,
850 783 919 813 quae
942 777 1103 811 Περσεφονη

219 820 325 850 Graece
336 817 530 853 nominatum
551 827 645 858 quam
656 816 780 856 frugum
794 826 895 846 semen
911 825 972 845 esse
987 814 1105 848 volunt,

219 861 486 901 absconditamque
501 861 595 901 quaeri
605 871 623 890 a
633 866 729 889 matre
741 859 870 899 fingunt.
891 858 994 888 Mater
1005 864 1107 887 autem

219 911 264 936 est
275 916 293 935 a
304 903 440 945 gerendis
451 903 590 944 frugibus
602 903 702 938 Ceres,
715 908 873 943 tamquam
888 902 982 932 Geres
991 912 1002 934 ,-
1022 910 1108 930 casu-

221 959 281 989 que
296 947 395 988 prima
409 947 495 977 litera
509 946 614 977 itidem
625 946 797 982 immutata,
808 951 843 975 ut
854 955 872 974 a
885 944 1014 974 Graecis:
1035 953 1107 973 nam

223 992 261 1023 ab
277 991 336 1020 iuis
357 1000 479 1030 quoque
500 995 652 1029 Δημητηρ,
674 988 759 1029 quasi
783 993 929 1025 Γημητηρ,
951 986 1108 1016 nominata

223 1040 276 1064 est.
311 1033 398 1069 Jam,
420 1032 473 1073 qui
494 1042 608 1071 magna
628 1035 769 1066 verteret,
792 1030 937 1066 Mavors3
966 1028 1109 1059 Minerva

222 1081 336 1111 autem,
353 1086 422 1115 quae
437 1075 484 1104 vel
499 1076 661 1110 ‘tainum-et,
678 1074 724 1104 vel
740 1075 923 1102 minaretur.

267 1118 414 1149 XXVII.
439 1117 581 1158 Cumque
604 1118 635 1147 in
660 1117 802 1146 omnibus
822 1118 911 1146 rebus
931 1115 993 1145 vim
1017 1115 1110 1145 habe-

225 1168 291 1193 rent
306 1161 473 1191 maximam
495 1161 594 1201 prima
614 1166 642 1190 et
664 1166 810 1194 extrema,
832 1159 999 1199 principem
1017 1158 1048 1187 in
1065 1168 1111 1188 sa-

226 1203 386 1235 crificando
410 1204 527 1233 Janum
551 1213 612 1232 esse
635 1203 818 1236 voluerunt;
850 1201 932 1242 quod
955 1202 993 1230 ab
1015 1202 1112 1230 eundo

226 1257 335 1278 nomen
349 1252 392 1277 est
401 1246 545 1281 ductum;
563 1256 600 1275 ex
613 1256 674 1286 quo
686 1245 875 1275 transitiones
884 1244 1005 1284 perviae,
1018 1244 1039 1273 J
1043 1244 1110 1280 ani;

226 1291 375 1331 foresque,
403 1289 434 1318 in
458 1289 614 1319 liminibus
638 1288 834 1329 profanarum
862 1287 985 1323 aedium,
1010 1288 1113 1325 januae

226 1334 431 1364 nominantur.
463 1332 547 1361 Nam
564 1332 666 1362 Vestae
686 1341 796 1360 nomen
818 1341 836 1360 a
857 1330 970 1360 Graecis
992 1336 1053 1359 est:
1079 1340 1114 1360 ea

228 1382 272 1406 est
287 1376 379 1412 enim,
397 1386 465 1416 quae
479 1376 517 1405 ab
532 1374 591 1404 illis
604 1375 710 1403 Ἐστια
723 1373 841 1404 dicitur.
864 1373 922 1404 Vis
934 1378 1035 1403 autem
1049 1374 1114 1412 ejus

228 1419 266 1449 ad
281 1429 347 1449 aras
362 1423 391 1448 et
406 1417 486 1448 focos
501 1417 638 1457 pertinet.
667 1417 776 1457 Itaque
792 1416 823 1445 in
839 1416 875 1446 ea
890 1416 970 1452 Dea,
987 1426 1055 1456 quae
1071 1421 1114 1446 est

228 1472 330 1492 rerum
346 1467 444 1491 custos
455 1461 643 1495 intimarum„
661 1460 759 1489 omnis
773 1465 802 1489 et
814 1459 943 1499 precatio
959 1464 988 1488 et
1004 1458 1110 1489 sacrifi-

229 1504 306 1535 catio
321 1510 455 1534 extrema
470 1510 521 1533 est.
556 1503 621 1532 Nec
642 1503 731 1542 longe
753 1503 863 1532 absunt
885 1503 922 1532 ab
943 1501 999 1531 hac
1015 1502 1044 1531 vi
1061 1501 1115 1531 Dii

232 1547 371 1583 Penates,
388 1546 448 1577 sive
464 1557 481 1576 a
493 1556 573 1585 penu
590 1546 680 1575 ducto
696 1545 828 1580 nomine,
847 1548 904 1578 (est
919 1545 998 1574 enim
1013 1554 1115 1579 omne,

230 1600 293 1631 quo
308 1595 468 1620 vescuntur
483 1589 632 1625 homines,
649 1594 759 1629 penus)
776 1588 837 1618 sive
852 1589 890 1617 ab
906 1597 952 1623 en,
969 1587 1051 1627 quod
1063 1597 1117 1626 pe-

230 1635 316 1663 nitus
341 1632 492 1667 insident;
524 1642 561 1663 ex
586 1642 646 1672 quo
673 1631 763 1661 etiam
787 1630 958 1660 Penetrales
981 1640 999 1660 a
1021 1630 1118 1670 poetis

230 1681 383 1706 vocantur.
407 1675 429 1705 J
432 1685 481 1705 am
494 1675 649 1715 Apollinis
662 1684 771 1704 nomen
786 1680 830 1704 est
842 1673 1003 1709 Graecum3
1025 1682 1117 1714 quem

229 1719 324 1749 solem
339 1728 401 1748 esse
414 1718 536 1748 volunt:
558 1717 692 1747 Dianam
708 1723 822 1754 autem,
835 1723 864 1747 et
880 1716 1015 1752 Lunam,
1034 1725 1117 1746 eam-

227 1760 298 1792 dem
310 1771 372 1793 esse
386 1766 513 1803 putant:
531 1770 601 1792 cum
613 1760 658 1791 sol
672 1760 770 1791 dictus
780 1759 829 1799 sit,
840 1759 888 1789 vel
899 1759 972 1800 quia
983 1760 1065 1789 solus
1079 1769 1116 1788 ex
