1226 1935
290 334 354 376 M.
379 336 606 377 TULLII
641 335 989 387 CICERONIS,

630 461 680 483 DE

222 528 613 598 NATURA
667 549 1077 607 DEORUM,

439 678 513 714 AD
542 678 598 716 M.
626 678 870 723 BRUTUM,

389 802 567 834 LIBER
601 803 910 835 SECUNDUS.

598 914 712 936 -ψψ

247 1022 275 1053 Ι.
293 1023 386 1062 QUAE
411 1034 482 1055 cum
504 1023 594 1055 Cotta
617 1024 752 1063 dixisset,
775 1030 842 1055 tum
862 1024 1010 1062 Velleius,
1034 1024 1095 1055 Nae

203 1077 271 1107 ego,
288 1067 399 1108 inquit,
416 1068 567 1104 incautus,
585 1068 639 1109 qui
654 1079 725 1098 cum
734 1068 931 1105 Academico,
944 1074 972 1099 et
988 1068 1094 1098 eodem

203 1109 332 1147 rhetore,
350 1111 491 1151 congredi
507 1117 630 1141 conatus
647 1122 724 1141 sum.
756 1112 839 1141 Nam
856 1122 954 1152 neque
969 1111 1088 1141 indiser-

205 1158 272 1183 tum
288 1154 510 1184 Academicum
526 1154 761 1195 pertimuissem,
775 1164 829 1184 nec
845 1155 908 1185 sine
924 1154 981 1184 ist-52
996 1154 1094 1195 philo-

204 1197 312 1237 sophia
327 1196 488 1233 rhetorem,
505 1197 645 1237 quamvis
661 1198 852 1238 eloquentem
865 1209 872 1227 :
898 1208 997 1238 neque
1012 1197 1094 1227 enim

204 1239 332 1269 flumine
347 1241 509 1270 conturbor
524 1240 663 1270 inanium
673 1242 846 1277 verborum,
860 1251 914 1271 nec
930 1240 1095 1270 subtilitate

204 1282 433 1321 sententiarum,
458 1283 482 1313 si
507 1283 648 1313 orationis
674 1293 718 1313 est
744 1284 867 1314 siccitas.
900 1284 952 1314 Tu
977 1289 1093 1320 autem,

205 1326 306 1363 Cotta,
324 1326 454 1367 utrinque
469 1337 500 1356 re
512 1327 642 1356 valuisti.
667 1326 788 1357 Corona
799 1327 854 1357 tibi
869 1332 898 1357 et
910 1326 1027 1366 judices
1042 1326 1094 1356 de-

203 1369 338 1399 fuerunt.
371 1369 431 1399 Sed
446 1369 483 1399 ad
499 1369 556 1399 ista
577 1370 659 1399 alias.
694 1370 788 1401 Nunc
807 1370 975 1407 Lucilium,
993 1369 1017 1399 si
1037 1369 1095 1410 ipsi

206 1412 403 1443 commodum
419 1418 474 1449 est,
493 1413 663 1443 audiamus.

249 1455 335 1485 Tum
355 1455 484 1493 Balbus,
506 1456 662 1486 Eumdem
684 1456 825 1497 equidem
845 1456 970 1487 mallem
991 1455 1096 1486 audire

209 1498 344 1537 Cottam,
367 1498 453 1536 dum,
477 1499 539 1539 qua
559 1499 731 1540 eloquentia
750 1499 840 1530 falsos
859 1500 941 1530 Deos
962 1499 1096 1535 sustulit,

205 1541 313 1572 eadem
339 1552 423 1572 veros
447 1542 580 1572 inducat.
616 1542 673 1572 Est
697 1542 778 1572 enim
803 1548 832 1572 et
858 1542 1041 1583 philosophi,
1068 1547 1097 1572 et

206 1584 369 1627 pontificis,
395 1590 423 1615 et
451 1585 559 1623 Cottae,
587 1585 624 1615 de
651 1585 720 1615 Diis
742 1585 965 1616 immortalibus
987 1585 1098 1615 habere

206 1638 267 1658 non
285 1633 435 1658 errantem
451 1634 480 1658 et
496 1639 616 1669 vagam,
634 1634 669 1658 ut
690 1629 880 1665 Academici,
898 1628 961 1665 sed,
977 1634 1013 1658 ut
1028 1638 1097 1658 nos-

205 1671 256 1707 tri,
284 1671 423 1701 stabilem
453 1677 626 1712 certamque
657 1672 846 1702 sententiam.
881 1672 966 1702 Nam
993 1676 1097 1701 contra

206 1714 378 1754 Epicurum
394 1714 465 1745 satis
481 1725 630 1755 superque
645 1715 762 1745 dictum
783 1722 836 1747 est.
869 1714 930 1746 Sed
950 1725 1023 1745 aveo
1043 1724 1098 1744 au-

208 1757 283 1795 dire,
300 1763 333 1787 tu
349 1757 424 1798 ipse,
442 1758 543 1794 Cotta,
561 1758 635 1799 quid
651 1758 772 1789 sentias.

1195 1128 1202 1595 2———u——u-——a———0m
1202 1111 1203 1115 „
