1226 1935
258 59 326 90 330¹
365 58 426 89 DE
450 58 558 89 NAT.
575 57 712 90 DEOR.
737 59 816 89 Lm.
834 58 861 89 I.
884 58 968 91 CAP.
985 56 1039 90 38,>

266 145 349 186 quod
374 145 479 182 vultis)
505 147 610 176 beatus
633 148 700 177 est?
732 146 846 176 Utatur
867 146 949 176 enim
973 146 1044 185 suia
1056 144 1156 185 bonisl,

267 194 395 228 oportet,
423 194 452 219 et
477 188 606 225 fruatur,
630 189 683 229 qni
706 190 810 219 beatus
834 189 956 219 futurus
980 195 1032 219 est.
1072 190 1156 219 Nam

268 232 352 262 locus
364 231 487 272 quidem
504 232 539 261 iis
551 232 640 262 etiam
654 232 779 270 naturis,
797 243 866 272 quae
877 232 940 261 sine
952 232 1062 262 animis
1074 238 1156 270 sunt,

270 285 343 304 suus
364 281 408 304 est
427 274 536 315 cuique
557 275 706 315 proprius,
728 281 763 305 ut
783 281 861 305 terra
883 274 1025 304 infimum
1047 281 1158 312 teneat,

269 317 347 347 hanc
368 317 494 347 inundet
515 328 613 358 aqua3
639 318 772 358 superior
794 318 907 353 aedwri,
933 318 1055 358 ignibus
1078 318 1161 348 altis-

271 360 359 397 sima,
383 371 435 390 ora
455 361 606 390 reddatur.
640 361 811 390 Bestiarum
828 367 928 390 autem
946 367 1070 390 terrenae
1091 366 1162 390 sunt

272 403 351 440 aliae,
373 404 483 443 partim
500 403 657 444 aquatile&
674 403 740 433 ahae
756 403 842 443 quasi
857 403 1012 443 ancipites,
1031 404 1062 432 in
1078 403 1162 433 uti-{1-

272 457 333 487 que
353 446 421 476 sede
445 447 596 476 viventes:
621 452 692 476 sunt
713 446 853 486 quaedam
874 447 976 483 etiam,
1001 457 1070 487 quae
1092 446 1163 486 igne

272 490 355 519 nasci
376 496 531 530 putentur,
554 495 779 530 appareantque
794 489 826 518 in
841 489 1015 520 ardentibus
1035 489 1164 519 fornaci-

274 534 332 563 bus
348 543 426 573 saepe
441 533 607 562 volitantes.

319 575 432 612 Quaero
448 575 552 615 igitur,
569 580 664 605 vester
685 575 771 605 Deus
791 575 926 616 primum
950 575 1004 605 ubi
1024 575 1162 611 habitet3

275 618 395 655 deinde,
412 629 481 658 quae
497 629 586 648 causa
601 629 672 648 eum
687 619 752 648 loco
767 625 897 656 moveat,
918 618 941 648 si
957 618 1047 648 modo
1063 628 1165 648 move-

275 667 327 702 tur
339 661 521 702 aliquand03
539 668 700 701 postremo,
718 671 787 691 cum
803 661 860 691 hoc
875 661 1032 701 proprium
1049 661 1086 691 sit
1101 661 1166 691 ani-

276 705 440 740 mantium,
463 710 498 734 ut
517 705 633 745 aliquid
653 710 807 745 appetant,
829 704 911 745 quod
933 704 970 734 sit
988 710 1103 734 naturae
1118 714 1167 734 ac-

277 747 504 778 commodatum
519 759 527 783 3
546 748 630 778 Deus
642 748 716 788 quid
726 753 847 788 appetat
859 759 866 776 :
885 747 1025 787 adquam
1038 747 1169 788 denique

277 800 341 820 rem
363 796 448 820 motu
464 791 573 820 mentis
588 801 622 821 ac
637 791 760 820 rationis
775 796 896 820 utatur:
922 796 1083 830 postremo,
1107 801 1169 830 quo

276 834 369 863 modo
384 835 489 863 beatus
505 834 552 871 sit,
567 845 627 874 quo
643 834 734 864 modo
746 840 883 863 aeternus.
908 833 1070 873 Quidquid
1086 833 1168 863 enim

277 877 388 907 horum
409 877 553 916 attigeris,
579 878 664 907 ulcus
685 883 737 907 est.
771 877 820 906 Ita
841 877 920 906 male
941 876 1078 906 instituta
1093 876 1169 906 ratio

279 920 396 950 exitum
413 920 539 960 reperire
555 930 615 950 non
636 926 742 960 potest.
776 920 825 950 Sic
849 920 928 949 enim
951 919 1080 955 dicebas,
1103 929 1169 959 spe-

278 963 355 993 ciem
372 963 430 993 Dei
443 963 555 1003 percipi
571 964 761 1004 cogitatione,
782 973 842 993 non
858 972 965 992 sensu·
957 985 966 997 ,
991 972 1045 992 nec
1061 972 1122 992 esse
1137 962 1169 991 in

279 1016 314 1036 ea
338 1007 434 1035 ullam
455 1006 646 1043 solitht=1ten1‚
669 1016 767 1047 neque
788 1005 925 1036 eamdem
947 1005 985 1034 ad
1006 1015 1170 1035 numerum

278 1059 474 1090 permanere;
500 1060 628 1090 eamque
644 1060 705 1079 esse
721 1050 786 1089 ejus
803 1049 960 1085 visionem,
978 1054 1012 1077 ut
1028 1048 1170 1078 similitu-

278 1092 349 1122 dine
365 1098 393 1122 et
409 1092 582 1122 transitione
603 1098 751 1127 cernatur,
774 1102 871 1132 neque
892 1091 1010 1121 deficiat
1031 1101 1169 1132 unquam

279 1146 317 1165 ex
333 1135 458 1166 infinitis
479 1136 652 1176 corporibus
676 1135 821 1165 similium
843 1135 990 1169 accessi03
1015 1144 1052 1163 ex
1074 1144 1170 1174 eoque

278 1178 354 1213 fieri,
371 1184 416 1215 ut,
433 1179 464 1208 in
481 1179 544 1208 haec
565 1178 691 1215 intenta,
717 1188 803 1208 mens
823 1184 924 1208 nostra
944 1179 1064 1207 beatam
1084 1177 1169 1207 illam

278 1228 418 1251 naturam
436 1228 464 1251 et
480 1222 693 1262 sempiternam
709 1227 804 1262 putet.

322 1265 523 1295 XXXVIII.
549 1265 617 1295 Hoc
640 1268 706 1305 (per
724 1265 802 1305 ipsos
813 1264 907 1300 Deos,
931 1263 969 1294 de
991 1263 1102 1304 quibus
1124 1262 1169 1293 lo-

280 1308 405 1349 quimur
418 1308 441 1343 !)
458 1308 548 1348 quale
564 1307 687 1338 tandem
703 1309 770 1338 est?
802 1308 898 1343 Nam,
916 1307 940 1337 si
955 1306 1168 1336 tantummodo

280 1352 319 1381 ad
335 1351 546 1391 cogitationem
559 1351 671 1387 valent,
688 1361 742 1381 nec
755 1351 850 1380 ullam
863 1350 976 1380 habent
987 1349 1169 1379 soliditatem

280 1404 336 1424 nec
347 1394 559 1429 eminentiam;
581 1394 656 1434 quid
670 1394 804 1431 interest,
818 1399 921 1423 utrum
938 1393 974 1422 de
991 1393 1168 1433 Hippocen-

280 1444 367 1468 tauro
390 1447 428 1466 an
451 1437 488 1467 de
499 1437 566 1467 Deo
589 1437 780 1477 cogitemus?
816 1436 951 1466 Omnem
975 1436 1055 1465 enim
1077 1436 1170 1465 talem

281 1480 550 1511 conformationem
566 1481 661 1511 animi
677 1480 774 1510 caeteri
789 1479 962 1520 philosophi
974 1485 1092 1508 motum
1104 1479 1171 1508 ina-

281 1534 352 1554 nem
369 1529 495 1558 vocant;
521 1534 572 1553 vos
588 1530 689 1553 autem
706 1523 871 1553 adventum
887 1522 918 1552 in
935 1521 1062 1558 animos,
1081 1528 1110 1551 et
1125 1522 1172 1550 in-

281 1567 419 1602 troitum,
436 1566 606 1606 ii‘naginum
623 1566 729 1596 dicitis.
755 1566 799 1596 Ut
811 1566 914 1605 igitur,
932 1565 982 1594 Ti.
996 1564 1171 1594 Gracchum

281 1620 352 1641 cum
370 1609 470 1639 videor
485 1610 712 1639 concionantem
729 1609 760 1638 in
777 1608 928 1648 Capitolio
944 1607 1053 1644 videre,
1071 1607 1107 1637 de
1121 1607 1170 1637 M.

282 1652 411 1684 Octavio
426 1652 609 1682 deferentem
625 1653 765 1688 sitellam,
783 1657 849 1682 tum
863 1662 932 1681 eum
944 1656 1064 1681 motum
1076 1650 1172 1680 animi

280 1697 348 1726 dico
369 1706 431 1725 esse
451 1695 593 1725 inanem:
623 1701 656 1725 tu
679 1702 781 1725 autem
801 1700 830 1725 et
852 1693 981 1725 Gracchi
1002 1699 1031 1723 et
1052 1693 1172 1724 Octavii

282 1738 429 1780 imagines
444 1749 608 1778 remanere,
625 1749 706 1780 quae,
727 1739 759 1770 in
778 1737 966 1780 Capitolium
981 1747 1051 1768 cum
1067 1746 1172 1778 perveh
