<?xml version="1.0" encoding="UTF-8"?>
<!DOCTYPE html PUBLIC "-//W3C//DTD XHTML 1.0 Transitional//EN"
    "http://www.w3.org/TR/xhtml1/DTD/xhtml1-transitional.dtd">
<html xmlns="http://www.w3.org/1999/xhtml" xml:lang="en" lang="en">
 <head>
  <title>
</title>
<meta http-equiv="Content-Type" content="text/html;charset=utf-8" />
  <meta name='ocr-system' content='tesseract 3.04.00' />
  <meta name='ocr-capabilities' content='ocr_page ocr_carea ocr_par ocr_line ocrx_word'/>
</head>
<body>
  <div class='ocr_page' id='page_1' title='image "./operaern03ciceuoft_0301.png"; bbox 0 0 1226 1935; ppageno 0'>
   <div class='ocr_carea' id='block_1_1' title="bbox 238 64 1006 105">
    <p class='ocr_par' dir='ltr' id='par_1_1' title="bbox 238 64 1006 105">
     <span class='ocr_line' id='line_1_1' title="bbox 238 64 1006 105; baseline 0.008 -11"><span class='ocrx_word' id='word_1_1' title='bbox 238 64 362 96; x_wconf 76' lang='lat' dir='ltr'><strong>TUSC.</strong></span> <span class='ocrx_word' id='word_1_2' title='bbox 379 65 552 103; x_wconf 77' lang='lat' dir='ltr'><strong>QUAEST.</strong></span> <span class='ocrx_word' id='word_1_3' title='bbox 578 66 657 96; x_wconf 76' lang='lat' dir='ltr'>Lm,</span> <span class='ocrx_word' id='word_1_4' title='bbox 672 66 712 96; x_wconf 87' lang='lat' dir='ltr'>V.</span> <span class='ocrx_word' id='word_1_5' title='bbox 737 66 820 98; x_wconf 75' lang='lat' dir='ltr'><strong>CAP.</strong></span> <span class='ocrx_word' id='word_1_6' title='bbox 837 69 889 98; x_wconf 83' lang='lat'>36.</span> <span class='ocrx_word' id='word_1_7' title='bbox 945 70 1006 105; x_wconf 83' lang='lat'>287</span> 
     </span>
    </p>
   </div>
   <div class='ocr_carea' id='block_1_2' title="bbox 113 149 1011 1786">
    <p class='ocr_par' dir='ltr' id='par_1_2' title="bbox 113 149 1011 1786">
     <span class='ocr_line' id='line_1_2' title="bbox 119 149 1007 194; baseline 0.006 -14"><span class='ocrx_word' id='word_1_8' title='bbox 119 149 145 180; x_wconf 86' lang='lat' dir='ltr'>si</span> <span class='ocrx_word' id='word_1_9' title='bbox 160 150 252 180; x_wconf 86' lang='lat' dir='ltr'>velim</span> <span class='ocrx_word' id='word_1_10' title='bbox 267 151 452 192; x_wconf 76' lang='lat' dir='ltr'>paupertatis</span> <span class='ocrx_word' id='word_1_11' title='bbox 467 161 589 182; x_wconf 85' lang='lat' dir='ltr'>causam</span> <span class='ocrx_word' id='word_1_12' title='bbox 605 151 783 183; x_wconf 82' lang='lat' dir='ltr'><strong>defendere:</strong></span> <span class='ocrx_word' id='word_1_13' title='bbox 805 162 910 194; x_wconf 83' lang='lat' dir='ltr'>aperta</span> <span class='ocrx_word' id='word_1_14' title='bbox 925 155 1007 185; x_wconf 87' lang='lat' dir='ltr'>enim</span> 
     </span>
     <span class='ocr_line' id='line_1_3' title="bbox 120 193 1006 238; baseline 0.007 -15"><span class='ocrx_word' id='word_1_15' title='bbox 120 203 165 223; x_wconf 89' lang='lat' dir='ltr'>res</span> <span class='ocrx_word' id='word_1_16' title='bbox 182 199 245 230; x_wconf 65' lang='grc' dir='ltr'>θεῖς</span> <span class='ocrx_word' id='word_1_17' title='bbox 270 200 299 224; x_wconf 91' lang='lat' dir='ltr'>et</span> <span class='ocrx_word' id='word_1_18' title='bbox 315 193 449 235; x_wconf 83' lang='lat' dir='ltr'>quotidie</span> <span class='ocrx_word' id='word_1_19' title='bbox 464 204 518 224; x_wconf 85' lang='lat' dir='ltr'>nos</span> <span class='ocrx_word' id='word_1_20' title='bbox 533 195 599 235; x_wconf 87' lang='lat' dir='ltr'>ipsa</span> <span class='ocrx_word' id='word_1_21' title='bbox 614 201 724 225; x_wconf 84' lang='lat' dir='ltr'>natura</span> <span class='ocrx_word' id='word_1_22' title='bbox 741 196 895 234; x_wconf 75' lang='lat' dir='ltr'>admonet,</span> <span class='ocrx_word' id='word_1_23' title='bbox 912 208 1006 238; x_wconf 88' lang='lat' dir='ltr'>quam</span> 
     </span>
     <span class='ocr_line' id='line_1_4' title="bbox 119 236 923 279; baseline 0.004 -13"><span class='ocrx_word' id='word_1_24' title='bbox 119 236 234 276; x_wconf 79' lang='lat' dir='ltr'>paucis,</span> <span class='ocrx_word' id='word_1_25' title='bbox 251 247 344 277; x_wconf 88' lang='lat' dir='ltr'>quam</span> <span class='ocrx_word' id='word_1_26' title='bbox 360 237 460 277; x_wconf 87' lang='lat' dir='ltr'>parvis</span> <span class='ocrx_word' id='word_1_27' title='bbox 475 238 564 267; x_wconf 86' lang='lat' dir='ltr'>rebus</span> <span class='ocrx_word' id='word_1_28' title='bbox 580 244 676 278; x_wconf 80' lang='lat' dir='ltr'>egeat,</span> <span class='ocrx_word' id='word_1_29' title='bbox 693 249 786 279; x_wconf 87' lang='lat' dir='ltr'>quam</span> <span class='ocrx_word' id='word_1_30' title='bbox 804 239 923 270; x_wconf 86' lang='lat' dir='ltr'>vilibus.</span> 
     </span>
     <span class='ocr_line' id='line_1_5' title="bbox 162 279 1006 322; baseline 0.006 -14"><span class='ocrx_word' id='word_1_31' title='bbox 162 279 324 309; x_wconf 85' lang='lat' dir='ltr'><strong>XXXVI.</strong></span> <span class='ocrx_word' id='word_1_32' title='bbox 350 280 437 310; x_wconf 86' lang='lat' dir='ltr'>Num</span> <span class='ocrx_word' id='word_1_33' title='bbox 458 279 551 320; x_wconf 86' lang='lat' dir='ltr'>igitur</span> <span class='ocrx_word' id='word_1_34' title='bbox 566 280 751 321; x_wconf 79' lang='lat' dir='ltr'>ignobilitas,</span> <span class='ocrx_word' id='word_1_35' title='bbox 767 287 821 312; x_wconf 86' lang='lat' dir='ltr'>aut</span> <span class='ocrx_word' id='word_1_36' title='bbox 836 283 1006 322; x_wconf 73' lang='lat' dir='ltr'>humilitas,</span> 
     </span>
     <span class='ocr_line' id='line_1_6' title="bbox 117 322 1008 364; baseline 0.006 -12"><span class='ocrx_word' id='word_1_37' title='bbox 117 328 171 352; x_wconf 81' lang='lat' dir='ltr'>aut</span> <span class='ocrx_word' id='word_1_38' title='bbox 186 322 276 352; x_wconf 86' lang='lat' dir='ltr'>etiam</span> <span class='ocrx_word' id='word_1_39' title='bbox 293 323 448 363; x_wconf 87' lang='lat' dir='ltr'>popularis</span> <span class='ocrx_word' id='word_1_40' title='bbox 462 322 598 359; x_wconf 85' lang='lat' dir='ltr'>offensio,</span> <span class='ocrx_word' id='word_1_41' title='bbox 619 324 784 364; x_wconf 81' lang='lat' dir='ltr'>sapientem</span> <span class='ocrx_word' id='word_1_42' title='bbox 800 326 923 356; x_wconf 85' lang='lat' dir='ltr'>beatum</span> <span class='ocrx_word' id='word_1_43' title='bbox 945 337 1008 357; x_wconf 87' lang='lat' dir='ltr'>esse</span> 
     </span>
     <span class='ocr_line' id='line_1_7' title="bbox 117 365 1006 409; baseline 0.004 -14"><span class='ocrx_word' id='word_1_44' title='bbox 117 365 290 405; x_wconf 85' lang='lat' dir='ltr'>prohibebit</span> <span class='ocrx_word' id='word_1_45' title='bbox 301 367 315 396; x_wconf 64' lang='grc' dir='ltr'>Ρ</span> <span class='ocrx_word' id='word_1_46' title='bbox 349 365 440 403; x_wconf 86' lang='lat' dir='ltr'>Vide,</span> <span class='ocrx_word' id='word_1_47' title='bbox 462 375 500 396; x_wconf 90' lang='lat' dir='ltr'>ne</span> <span class='ocrx_word' id='word_1_48' title='bbox 514 367 583 406; x_wconf 84' lang='lat' dir='ltr'>plus</span> <span class='ocrx_word' id='word_1_49' title='bbox 599 367 821 398; x_wconf 78' lang='lat' dir='ltr'>commendatio</span> <span class='ocrx_word' id='word_1_50' title='bbox 835 368 867 398; x_wconf 88' lang='lat' dir='ltr'>in</span> <span class='ocrx_word' id='word_1_51' title='bbox 884 369 1006 409; x_wconf 82' lang='lat' dir='ltr'>vulgus,</span> 
     </span>
     <span class='ocr_line' id='line_1_8' title="bbox 118 408 1005 453; baseline 0.005 -15"><span class='ocrx_word' id='word_1_52' title='bbox 118 413 147 438; x_wconf 90' lang='lat' dir='ltr'>et</span> <span class='ocrx_word' id='word_1_53' title='bbox 158 408 233 446; x_wconf 81' lang='lat' dir='ltr'>haec,</span> <span class='ocrx_word' id='word_1_54' title='bbox 246 419 315 449; x_wconf 87' lang='lat' dir='ltr'>quae</span> <span class='ocrx_word' id='word_1_55' title='bbox 325 409 487 450; x_wconf 87' lang='lat' dir='ltr'>expetitur,</span> <span class='ocrx_word' id='word_1_56' title='bbox 500 409 607 449; x_wconf 84' lang='lat' dir='ltr'>gloria,</span> <span class='ocrx_word' id='word_1_57' title='bbox 621 410 766 440; x_wconf 67' lang='lat' dir='ltr'>molestiae</span> <span class='ocrx_word' id='word_1_58' title='bbox 778 410 899 449; x_wconf 80' lang='lat' dir='ltr'>habeat,</span> <span class='ocrx_word' id='word_1_59' title='bbox 911 423 1005 453; x_wconf 88' lang='lat' dir='ltr'>quam</span> 
     </span>
     <span class='ocr_line' id='line_1_9' title="bbox 117 451 1007 496; baseline 0.004 -15"><span class='ocrx_word' id='word_1_60' title='bbox 117 451 289 492; x_wconf 87' lang='lat' dir='ltr'>voluptatis.</span> <span class='ocrx_word' id='word_1_61' title='bbox 320 451 483 482; x_wconf 84' lang='lat' dir='ltr'>Leviculus</span> <span class='ocrx_word' id='word_1_62' title='bbox 499 462 570 483; x_wconf 88' lang='lat' dir='ltr'>sane</span> <span class='ocrx_word' id='word_1_63' title='bbox 585 458 686 483; x_wconf 85' lang='lat' dir='ltr'>noster</span> <span class='ocrx_word' id='word_1_64' title='bbox 703 452 936 492; x_wconf 84' lang='lat' dir='ltr'>Demosthenes,</span> <span class='ocrx_word' id='word_1_65' title='bbox 953 455 1007 496; x_wconf 88' lang='lat' dir='ltr'>qui</span> 
     </span>
     <span class='ocr_line' id='line_1_10' title="bbox 116 493 1007 537; baseline 0.004 -13"><span class='ocrx_word' id='word_1_66' title='bbox 116 493 170 524; x_wconf 85' lang='lat' dir='ltr'>illo</span> <span class='ocrx_word' id='word_1_67' title='bbox 187 505 309 525; x_wconf 90' lang='lat' dir='ltr'>susurro</span> <span class='ocrx_word' id='word_1_68' title='bbox 324 494 465 525; x_wconf 86' lang='lat' dir='ltr'>delectari</span> <span class='ocrx_word' id='word_1_69' title='bbox 480 505 510 525; x_wconf 91' lang='lat' dir='ltr'>se</span> <span class='ocrx_word' id='word_1_70' title='bbox 525 495 644 526; x_wconf 84' lang='lat' dir='ltr'>dicebat</span> <span class='ocrx_word' id='word_1_71' title='bbox 662 506 774 537; x_wconf 88' lang='lat' dir='ltr'>aquam</span> <span class='ocrx_word' id='word_1_72' title='bbox 795 496 916 528; x_wconf 86' lang='lat' dir='ltr'>ferentis</span> <span class='ocrx_word' id='word_1_73' title='bbox 936 508 1007 528; x_wconf 89' lang='lat' dir='ltr'>mu-</span> 
     </span>
     <span class='ocr_line' id='line_1_11' title="bbox 115 536 1007 582; baseline 0.004 -15"><span class='ocrx_word' id='word_1_74' title='bbox 115 536 248 568; x_wconf 85' lang='lat' dir='ltr'>lierculae</span> <span class='ocrx_word' id='word_1_75' title='bbox 272 541 320 571; x_wconf 91' lang='lat' dir='ltr'>(ut</span> <span class='ocrx_word' id='word_1_76' title='bbox 345 548 411 568; x_wconf 87' lang='lat' dir='ltr'>mos</span> <span class='ocrx_word' id='word_1_77' title='bbox 437 538 469 568; x_wconf 89' lang='lat' dir='ltr'>in</span> <span class='ocrx_word' id='word_1_78' title='bbox 493 538 612 569; x_wconf 59' lang='lat' dir='ltr'>Graecia</span> <span class='ocrx_word' id='word_1_79' title='bbox 634 544 703 576; x_wconf 87' lang='lat' dir='ltr'>est),</span> <span class='ocrx_word' id='word_1_80' title='bbox 730 539 1007 582; x_wconf 80' lang='lat' dir='ltr'>insusurrantisque</span> 
     </span>
     <span class='ocr_line' id='line_1_12' title="bbox 115 579 1006 619; baseline 0.004 -9"><span class='ocrx_word' id='word_1_81' title='bbox 115 579 213 617; x_wconf 86' lang='lat' dir='ltr'>alteri,</span> <span class='ocrx_word' id='word_1_82' title='bbox 236 583 259 598; x_wconf 85' lang='grc'>“</span> <span class='ocrx_word' id='word_1_83' title='bbox 273 580 335 611; x_wconf 89' lang='lat' dir='ltr'>Hic</span> <span class='ocrx_word' id='word_1_84' title='bbox 356 586 400 611; x_wconf 91' lang='lat' dir='ltr'>est</span> <span class='ocrx_word' id='word_1_85' title='bbox 419 581 471 611; x_wconf 81' lang='lat' dir='ltr'>ille</span> <span class='ocrx_word' id='word_1_86' title='bbox 491 581 746 612; x_wconf 84' lang='lat' dir='ltr'>Demosthenes.&#39;&#39;</span> <span class='ocrx_word' id='word_1_87' title='bbox 779 582 865 619; x_wconf 78' lang='lat' dir='ltr'>Quid</span> <span class='ocrx_word' id='word_1_88' title='bbox 887 583 944 614; x_wconf 87' lang='lat' dir='ltr'>hoc</span> <span class='ocrx_word' id='word_1_89' title='bbox 962 584 1006 614; x_wconf 91' lang='lat' dir='ltr'>le-</span> 
     </span>
     <span class='ocr_line' id='line_1_13' title="bbox 115 623 1006 668; baseline 0.004 -15"><span class='ocrx_word' id='word_1_90' title='bbox 115 623 182 654; x_wconf 89' lang='lat' dir='ltr'>vius</span> <span class='ocrx_word' id='word_1_91' title='bbox 194 625 208 654; x_wconf 86' lang='lat'>?</span> <span class='ocrx_word' id='word_1_92' title='bbox 239 624 286 654; x_wconf 89' lang='lat' dir='ltr'>At</span> <span class='ocrx_word' id='word_1_93' title='bbox 301 630 434 665; x_wconf 87' lang='lat' dir='ltr'>quantus</span> <span class='ocrx_word' id='word_1_94' title='bbox 449 624 568 654; x_wconf 81' lang='lat' dir='ltr'>orator!</span> <span class='ocrx_word' id='word_1_95' title='bbox 600 624 659 655; x_wconf 81' lang='lat' dir='ltr'>Sed</span> <span class='ocrx_word' id='word_1_96' title='bbox 674 625 757 666; x_wconf 88' lang='lat' dir='ltr'>apud</span> <span class='ocrx_word' id='word_1_97' title='bbox 771 626 845 656; x_wconf 86' lang='lat' dir='ltr'>alios</span> <span class='ocrx_word' id='word_1_98' title='bbox 860 626 946 668; x_wconf 89' lang='lat' dir='ltr'>loqui</span> <span class='ocrx_word' id='word_1_99' title='bbox 961 627 1006 658; x_wconf 79' lang='lat' dir='ltr'>vi-</span> 
     </span>
     <span class='ocr_line' id='line_1_14' title="bbox 115 665 829 708; baseline 0.003 -12"><span class='ocrx_word' id='word_1_100' title='bbox 115 665 223 697; x_wconf 87' lang='lat' dir='ltr'>delicet</span> <span class='ocrx_word' id='word_1_101' title='bbox 238 667 394 705; x_wconf 82' lang='lat' dir='ltr'>didicerat,</span> <span class='ocrx_word' id='word_1_102' title='bbox 410 677 472 697; x_wconf 92' lang='lat' dir='ltr'>non</span> <span class='ocrx_word' id='word_1_103' title='bbox 487 668 622 698; x_wconf 86' lang='lat' dir='ltr'>multum</span> <span class='ocrx_word' id='word_1_104' title='bbox 637 668 701 708; x_wconf 86' lang='lat' dir='ltr'>ipse</span> <span class='ocrx_word' id='word_1_105' title='bbox 717 678 829 698; x_wconf 84' lang='lat' dir='ltr'>secum.</span> 
     </span>
     <span class='ocr_line' id='line_1_15' title="bbox 158 709 1005 753; baseline 0.004 -13"><span class='ocrx_word' id='word_1_106' title='bbox 158 709 399 750; x_wconf 83' lang='lat' dir='ltr'>Intelligendum</span> <span class='ocrx_word' id='word_1_107' title='bbox 420 716 463 740; x_wconf 86' lang='lat' dir='ltr'>est</span> <span class='ocrx_word' id='word_1_108' title='bbox 482 710 587 750; x_wconf 79' lang='lat' dir='ltr'>igitur,</span> <span class='ocrx_word' id='word_1_109' title='bbox 608 721 663 741; x_wconf 90' lang='lat' dir='ltr'>nec</span> <span class='ocrx_word' id='word_1_110' title='bbox 681 711 809 751; x_wconf 80' lang='lat' dir='ltr'>gloriam</span> <span class='ocrx_word' id='word_1_111' title='bbox 824 712 1005 753; x_wconf 85' lang='lat' dir='ltr'>popularem</span> 
     </span>
     <span class='ocr_line' id='line_1_16' title="bbox 114 751 1006 794; baseline 0.003 -12"><span class='ocrx_word' id='word_1_112' title='bbox 114 751 213 793; x_wconf 87' lang='lat' dir='ltr'>ipsam</span> <span class='ocrx_word' id='word_1_113' title='bbox 228 763 282 793; x_wconf 84' lang='lat' dir='ltr'>per</span> <span class='ocrx_word' id='word_1_114' title='bbox 297 763 359 784; x_wconf 89' lang='lat' dir='ltr'>sese</span> <span class='ocrx_word' id='word_1_115' title='bbox 380 753 592 794; x_wconf 83' lang='lat' dir='ltr'>expetendam,</span> <span class='ocrx_word' id='word_1_116' title='bbox 613 763 668 784; x_wconf 87' lang='lat' dir='ltr'>nec</span> <span class='ocrx_word' id='word_1_117' title='bbox 687 755 908 794; x_wconf 86' lang='lat' dir='ltr'>ignobilitatem</span> <span class='ocrx_word' id='word_1_118' title='bbox 928 756 1006 786; x_wconf 83' lang='lat' dir='ltr'>exti-</span> 
     </span>
     <span class='ocr_line' id='line_1_17' title="bbox 115 795 1003 838; baseline 0.003 -12"><span class='ocrx_word' id='word_1_119' title='bbox 115 795 317 826; x_wconf 88' lang='lat' dir='ltr'>mescendam.</span> <span class='ocrx_word' id='word_1_120' title='bbox 349 798 372 814; x_wconf 76' lang='lat'>‘⁶</span> <span class='ocrx_word' id='word_1_121' title='bbox 386 796 466 826; x_wconf 88' lang='lat' dir='ltr'>Veni</span> <span class='ocrx_word' id='word_1_122' title='bbox 481 796 656 834; x_wconf 84' lang='lat' dir='ltr'>Athenas,&#39;&#39;</span> <span class='ocrx_word' id='word_1_123' title='bbox 672 797 772 838; x_wconf 88' lang='lat' dir='ltr'>inquit</span> <span class='ocrx_word' id='word_1_124' title='bbox 788 797 1003 835; x_wconf 78' lang='lat' dir='ltr'>Democritus3</span> 
     </span>
     <span class='ocr_line' id='line_1_18' title="bbox 116 839 1006 881; baseline 0.003 -13"><span class='ocrx_word' id='word_1_125' title='bbox 116 840 139 856; x_wconf 80' lang='lat'>“-</span> <span class='ocrx_word' id='word_1_126' title='bbox 152 849 251 880; x_wconf 86' lang='lat' dir='ltr'>neque</span> <span class='ocrx_word' id='word_1_127' title='bbox 266 849 316 870; x_wconf 89' lang='lat' dir='ltr'>me</span> <span class='ocrx_word' id='word_1_128' title='bbox 331 839 495 881; x_wconf 90' lang='lat' dir='ltr'>quisquam</span> <span class='ocrx_word' id='word_1_129' title='bbox 506 839 549 869; x_wconf 87' lang='lat' dir='ltr'>ibi</span> <span class='ocrx_word' id='word_1_130' title='bbox 560 840 716 880; x_wconf 56' lang='lat' dir='ltr'>agnovitss&#39;</span> <span class='ocrx_word' id='word_1_131' title='bbox 741 841 937 871; x_wconf 82' lang='lat' dir='ltr'>Constantem</span> <span class='ocrx_word' id='word_1_132' title='bbox 950 841 1006 872; x_wconf 89' lang='lat' dir='ltr'>ho-</span> 
     </span>
     <span class='ocr_line' id='line_1_19' title="bbox 115 881 1003 923; baseline 0.003 -11"><span class='ocrx_word' id='word_1_133' title='bbox 115 881 231 912; x_wconf 87' lang='lat' dir='ltr'>minem</span> <span class='ocrx_word' id='word_1_134' title='bbox 241 888 270 912; x_wconf 89' lang='lat' dir='ltr'>et</span> <span class='ocrx_word' id='word_1_135' title='bbox 280 892 403 922; x_wconf 78' lang='lat' dir='ltr'>gravem</span> <span class='ocrx_word' id='word_1_136' title='bbox 415 883 422 912; x_wconf 71' lang='grc' dir='ltr'>ἔ</span> <span class='ocrx_word' id='word_1_137' title='bbox 441 882 494 923; x_wconf 88' lang='lat' dir='ltr'>qui</span> <span class='ocrx_word' id='word_1_138' title='bbox 506 882 661 922; x_wconf 79' lang='lat' dir='ltr'>glorietur,</span> <span class='ocrx_word' id='word_1_139' title='bbox 674 894 693 912; x_wconf 87' lang='lat' dir='ltr'>a</span> <span class='ocrx_word' id='word_1_140' title='bbox 703 883 800 923; x_wconf 55' lang='lat' dir='ltr'>glori&amp;</span> <span class='ocrx_word' id='word_1_141' title='bbox 812 894 843 914; x_wconf 85' lang='lat' dir='ltr'>se</span> <span class='ocrx_word' id='word_1_142' title='bbox 854 884 1003 915; x_wconf 83' lang='lat' dir='ltr'>abfuisse!</span> 
     </span>
     <span class='ocr_line' id='line_1_20' title="bbox 114 925 1005 966; baseline 0.003 -12"><span class='ocrx_word' id='word_1_143' title='bbox 114 925 169 955; x_wconf 91' lang='lat' dir='ltr'>An</span> <span class='ocrx_word' id='word_1_144' title='bbox 194 925 342 963; x_wconf 75' lang='lat' dir='ltr'>tibicines,</span> <span class='ocrx_word' id='word_1_145' title='bbox 368 925 450 966; x_wconf 89' lang='lat' dir='ltr'>iique</span> <span class='ocrx_word' id='word_1_146' title='bbox 473 926 527 966; x_wconf 89' lang='lat' dir='ltr'>qui</span> <span class='ocrx_word' id='word_1_147' title='bbox 552 925 663 956; x_wconf 84' lang='lat' dir='ltr'>fidibus</span> <span class='ocrx_word' id='word_1_148' title='bbox 686 932 826 965; x_wconf 87' lang='lat' dir='ltr'>utuntur,</span> <span class='ocrx_word' id='word_1_149' title='bbox 851 937 916 963; x_wconf 80' lang='lat' dir='ltr'>suo,</span> <span class='ocrx_word' id='word_1_150' title='bbox 943 937 1005 958; x_wconf 90' lang='lat' dir='ltr'>non</span> 
     </span>
     <span class='ocr_line' id='line_1_21' title="bbox 114 967 1006 1010; baseline 0.002 -12"><span class='ocrx_word' id='word_1_151' title='bbox 114 967 320 999; x_wconf 84' lang='lat' dir='ltr'>multitudinis</span> <span class='ocrx_word' id='word_1_152' title='bbox 339 969 474 1005; x_wconf 85' lang='lat' dir='ltr'>arbitrio,</span> <span class='ocrx_word' id='word_1_153' title='bbox 497 975 604 999; x_wconf 88' lang='lat' dir='ltr'>cantus</span> <span class='ocrx_word' id='word_1_154' title='bbox 622 979 826 1010; x_wconf 75' lang='lat' dir='ltr'>numerosque</span> <span class='ocrx_word' id='word_1_155' title='bbox 846 970 1006 1000; x_wconf 86' lang='lat' dir='ltr'>moderan-</span> 
     </span>
     <span class='ocr_line' id='line_1_22' title="bbox 114 1011 1003 1053; baseline 0.002 -12"><span class='ocrx_word' id='word_1_156' title='bbox 114 1017 184 1047; x_wconf 86' lang='lat' dir='ltr'>tur;</span> <span class='ocrx_word' id='word_1_157' title='bbox 208 1011 254 1041; x_wconf 86' lang='lat' dir='ltr'>vir</span> <span class='ocrx_word' id='word_1_158' title='bbox 269 1012 398 1052; x_wconf 86' lang='lat' dir='ltr'>sapiens,</span> <span class='ocrx_word' id='word_1_159' title='bbox 415 1011 514 1042; x_wconf 88' lang='lat' dir='ltr'>multo</span> <span class='ocrx_word' id='word_1_160' title='bbox 532 1017 596 1042; x_wconf 86' lang='lat' dir='ltr'>arte</span> <span class='ocrx_word' id='word_1_161' title='bbox 616 1013 731 1051; x_wconf 86' lang='lat' dir='ltr'>majore</span> <span class='ocrx_word' id='word_1_162' title='bbox 751 1013 906 1053; x_wconf 66' lang='lat' dir='ltr'>praeditus,</span> <span class='ocrx_word' id='word_1_163' title='bbox 930 1023 1003 1051; x_wconf 89' lang='lat' dir='ltr'>non,</span> 
     </span>
     <span class='ocr_line' id='line_1_23' title="bbox 113 1054 1003 1097; baseline 0.002 -13"><span class='ocrx_word' id='word_1_164' title='bbox 113 1054 189 1095; x_wconf 88' lang='lat' dir='ltr'>quid</span> <span class='ocrx_word' id='word_1_165' title='bbox 205 1054 395 1085; x_wconf 88' lang='lat' dir='ltr'>verissimum</span> <span class='ocrx_word' id='word_1_166' title='bbox 407 1055 456 1092; x_wconf 87' lang='lat' dir='ltr'>sit,</span> <span class='ocrx_word' id='word_1_167' title='bbox 470 1054 521 1085; x_wconf 89' lang='lat' dir='ltr'>sed</span> <span class='ocrx_word' id='word_1_168' title='bbox 533 1055 608 1095; x_wconf 81' lang='lat' dir='ltr'>quid</span> <span class='ocrx_word' id='word_1_169' title='bbox 620 1055 691 1085; x_wconf 85' lang='lat' dir='ltr'>velit</span> <span class='ocrx_word' id='word_1_170' title='bbox 704 1055 824 1096; x_wconf 83' lang='lat' dir='ltr'>vulgus,</span> <span class='ocrx_word' id='word_1_171' title='bbox 841 1056 1003 1097; x_wconf 81' lang='lat' dir='ltr'>exquiret?</span> 
     </span>
     <span class='ocr_line' id='line_1_24' title="bbox 113 1097 1006 1139; baseline 0.002 -12"><span class='ocrx_word' id='word_1_172' title='bbox 113 1098 168 1127; x_wconf 87' lang='lat' dir='ltr'>An</span> <span class='ocrx_word' id='word_1_173' title='bbox 190 1097 359 1138; x_wconf 85' lang='lat' dir='ltr'>quidquam</span> <span class='ocrx_word' id='word_1_174' title='bbox 379 1098 512 1135; x_wconf 78' lang='lat' dir='ltr'>stultius,</span> <span class='ocrx_word' id='word_1_175' title='bbox 534 1108 640 1138; x_wconf 88' lang='lat' dir='ltr'>quam,</span> <span class='ocrx_word' id='word_1_176' title='bbox 664 1109 740 1139; x_wconf 86' lang='lat' dir='ltr'>quos</span> <span class='ocrx_word' id='word_1_177' title='bbox 761 1099 907 1139; x_wconf 82' lang='lat' dir='ltr'>singulos,</span> <span class='ocrx_word' id='word_1_178' title='bbox 929 1099 1006 1129; x_wconf 80' lang='lat' dir='ltr'>sicut</span> 
     </span>
     <span class='ocr_line' id='line_1_25' title="bbox 113 1140 1007 1183; baseline 0.002 -13"><span class='ocrx_word' id='word_1_179' title='bbox 113 1140 264 1181; x_wconf 85' lang='lat' dir='ltr'>operarios</span> <span class='ocrx_word' id='word_1_180' title='bbox 284 1142 499 1182; x_wconf 85' lang='lat' dir='ltr'>barbarosque,</span> <span class='ocrx_word' id='word_1_181' title='bbox 521 1147 709 1179; x_wconf 82' lang='lat' dir='ltr'>contemnas,</span> <span class='ocrx_word' id='word_1_182' title='bbox 734 1152 783 1172; x_wconf 87' lang='lat' dir='ltr'>eos</span> <span class='ocrx_word' id='word_1_183' title='bbox 806 1152 868 1172; x_wconf 77' lang='lat' dir='ltr'>esse</span> <span class='ocrx_word' id='word_1_184' title='bbox 889 1142 1007 1183; x_wconf 84' lang='lat' dir='ltr'>aliquid</span> 
     </span>
     <span class='ocr_line' id='line_1_26' title="bbox 113 1183 1006 1224; baseline 0.001 -10"><span class='ocrx_word' id='word_1_185' title='bbox 113 1190 221 1224; x_wconf 85' lang='lat' dir='ltr'>putare</span> <span class='ocrx_word' id='word_1_186' title='bbox 235 1183 389 1215; x_wconf 82' lang='lat' dir='ltr'>universos</span> <span class='ocrx_word' id='word_1_187' title='bbox 400 1186 414 1215; x_wconf 82' lang='lat'>?</span> <span class='ocrx_word' id='word_1_188' title='bbox 439 1184 499 1214; x_wconf 89' lang='lat' dir='ltr'>Ille</span> <span class='ocrx_word' id='word_1_189' title='bbox 513 1195 583 1215; x_wconf 89' lang='lat' dir='ltr'>vero</span> <span class='ocrx_word' id='word_1_190' title='bbox 598 1190 714 1215; x_wconf 83' lang='lat' dir='ltr'>nostras</span> <span class='ocrx_word' id='word_1_191' title='bbox 734 1185 914 1215; x_wconf 83' lang='lat' dir='ltr'>ambitiones</span> <span class='ocrx_word' id='word_1_192' title='bbox 931 1185 1006 1216; x_wconf 90' lang='lat' dir='ltr'>levi-</span> 
     </span>
     <span class='ocr_line' id='line_1_27' title="bbox 114 1227 1007 1269; baseline 0.002 -12"><span class='ocrx_word' id='word_1_193' title='bbox 114 1233 251 1268; x_wconf 90' lang='lat' dir='ltr'>tatesque</span> <span class='ocrx_word' id='word_1_194' title='bbox 266 1233 449 1266; x_wconf 83' lang='lat' dir='ltr'>contemnet,</span> <span class='ocrx_word' id='word_1_195' title='bbox 465 1227 654 1268; x_wconf 80' lang='lat' dir='ltr'>honoresque</span> <span class='ocrx_word' id='word_1_196' title='bbox 673 1228 792 1269; x_wconf 85' lang='lat' dir='ltr'>populi,</span> <span class='ocrx_word' id='word_1_197' title='bbox 813 1228 905 1258; x_wconf 78' lang='lat' dir='ltr'>etiam</span> <span class='ocrx_word' id='word_1_198' title='bbox 925 1228 1007 1259; x_wconf 87' lang='lat' dir='ltr'>ultro</span> 
     </span>
     <span class='ocr_line' id='line_1_28' title="bbox 115 1270 1007 1311; baseline 0.001 -11"><span class='ocrx_word' id='word_1_199' title='bbox 115 1270 240 1307; x_wconf 83' lang='lat' dir='ltr'>delatos,</span> <span class='ocrx_word' id='word_1_200' title='bbox 257 1270 447 1311; x_wconf 73' lang='lat' dir='ltr'>repudiabitz</span> <span class='ocrx_word' id='word_1_201' title='bbox 471 1280 526 1301; x_wconf 88' lang='lat' dir='ltr'>nos</span> <span class='ocrx_word' id='word_1_202' title='bbox 545 1277 649 1301; x_wconf 89' lang='lat' dir='ltr'>autem</span> <span class='ocrx_word' id='word_1_203' title='bbox 669 1281 718 1302; x_wconf 89' lang='lat' dir='ltr'>eos</span> <span class='ocrx_word' id='word_1_204' title='bbox 739 1271 902 1309; x_wconf 86' lang='lat' dir='ltr'>nescimus,</span> <span class='ocrx_word' id='word_1_205' title='bbox 922 1277 1007 1302; x_wconf 88' lang='lat' dir='ltr'>ante-</span> 
     </span>
     <span class='ocr_line' id='line_1_29' title="bbox 114 1313 1008 1355; baseline 0.002 -12"><span class='ocrx_word' id='word_1_206' title='bbox 114 1323 209 1354; x_wconf 90' lang='lat' dir='ltr'>quam</span> <span class='ocrx_word' id='word_1_207' title='bbox 226 1314 371 1354; x_wconf 84' lang='lat' dir='ltr'>poenitere</span> <span class='ocrx_word' id='word_1_208' title='bbox 386 1313 485 1354; x_wconf 85' lang='lat' dir='ltr'>coepit,</span> <span class='ocrx_word' id='word_1_209' title='bbox 502 1319 703 1344; x_wconf 88' lang='lat' dir='ltr'>contemnere.</span> <span class='ocrx_word' id='word_1_210' title='bbox 735 1314 793 1344; x_wconf 89' lang='lat' dir='ltr'>Est</span> <span class='ocrx_word' id='word_1_211' title='bbox 808 1314 891 1355; x_wconf 88' lang='lat' dir='ltr'>apud</span> <span class='ocrx_word' id='word_1_212' title='bbox 907 1314 1008 1345; x_wconf 87' lang='lat' dir='ltr'>Hera-</span> 
     </span>
     <span class='ocr_line' id='line_1_30' title="bbox 113 1356 1007 1398; baseline 0.002 -12"><span class='ocrx_word' id='word_1_213' title='bbox 113 1357 220 1387; x_wconf 88' lang='lat' dir='ltr'>clitum</span> <span class='ocrx_word' id='word_1_214' title='bbox 244 1356 405 1397; x_wconf 88' lang='lat' dir='ltr'>physicum</span> <span class='ocrx_word' id='word_1_215' title='bbox 429 1356 467 1387; x_wconf 86' lang='lat' dir='ltr'>de</span> <span class='ocrx_word' id='word_1_216' title='bbox 490 1356 626 1398; x_wconf 86' lang='lat' dir='ltr'>principe</span> <span class='ocrx_word' id='word_1_217' title='bbox 645 1357 850 1398; x_wconf 86' lang='lat' dir='ltr'>Ephesiorum</span> <span class='ocrx_word' id='word_1_218' title='bbox 873 1357 1007 1388; x_wconf 89' lang='lat' dir='ltr'>Hermo-</span> 
     </span>
     <span class='ocr_line' id='line_1_31' title="bbox 113 1398 1008 1441; baseline 0.001 -12"><span class='ocrx_word' id='word_1_219' title='bbox 113 1398 196 1430; x_wconf 87' lang='lat' dir='ltr'>doro.</span> <span class='ocrx_word' id='word_1_220' title='bbox 235 1400 412 1437; x_wconf 85' lang='lat' dir='ltr'>Universos,</span> <span class='ocrx_word' id='word_1_221' title='bbox 443 1399 497 1436; x_wconf 86' lang='lat' dir='ltr'>ait,</span> <span class='ocrx_word' id='word_1_222' title='bbox 529 1399 679 1441; x_wconf 87' lang='lat' dir='ltr'>Ephesios</span> <span class='ocrx_word' id='word_1_223' title='bbox 708 1411 770 1431; x_wconf 87' lang='lat' dir='ltr'>esse</span> <span class='ocrx_word' id='word_1_224' title='bbox 799 1406 897 1430; x_wconf 88' lang='lat' dir='ltr'>morte</span> <span class='ocrx_word' id='word_1_225' title='bbox 926 1401 1008 1430; x_wconf 84' lang='lat' dir='ltr'>mul-</span> 
     </span>
     <span class='ocr_line' id='line_1_32' title="bbox 114 1442 1006 1484; baseline 0.001 -12"><span class='ocrx_word' id='word_1_226' title='bbox 114 1442 232 1481; x_wconf 82' lang='lat' dir='ltr'>tandos,</span> <span class='ocrx_word' id='word_1_227' title='bbox 245 1443 340 1483; x_wconf 88' lang='lat' dir='ltr'>quod,</span> <span class='ocrx_word' id='word_1_228' title='bbox 351 1453 421 1473; x_wconf 90' lang='lat' dir='ltr'>cum</span> <span class='ocrx_word' id='word_1_229' title='bbox 434 1443 554 1474; x_wconf 80' lang='lat' dir='ltr'>civitate</span> <span class='ocrx_word' id='word_1_230' title='bbox 566 1443 752 1484; x_wconf 77' lang='lat' dir='ltr'>expellerent</span> <span class='ocrx_word' id='word_1_231' title='bbox 764 1443 1006 1481; x_wconf 85' lang='lat' dir='ltr'>Hermodorum,</span> 
     </span>
     <span class='ocr_line' id='line_1_33' title="bbox 113 1485 1007 1517; baseline 0.002 -2"><span class='ocrx_word' id='word_1_232' title='bbox 113 1485 156 1516; x_wconf 82' lang='lat' dir='ltr'>ita</span> <span class='ocrx_word' id='word_1_233' title='bbox 170 1486 263 1516; x_wconf 90' lang='lat' dir='ltr'>locuti</span> <span class='ocrx_word' id='word_1_234' title='bbox 280 1486 356 1517; x_wconf 82' lang='lat' dir='ltr'>sint:</span> <span class='ocrx_word' id='word_1_235' title='bbox 383 1488 405 1504; x_wconf 84' lang='grc'>“</span> <span class='ocrx_word' id='word_1_236' title='bbox 420 1487 523 1516; x_wconf 88' lang='lat' dir='ltr'>Nemo</span> <span class='ocrx_word' id='word_1_237' title='bbox 539 1486 576 1517; x_wconf 88' lang='lat' dir='ltr'>de</span> <span class='ocrx_word' id='word_1_238' title='bbox 591 1487 678 1517; x_wconf 84' lang='lat' dir='ltr'>nobis</span> <span class='ocrx_word' id='word_1_239' title='bbox 694 1497 775 1517; x_wconf 87' lang='lat' dir='ltr'>unus</span> <span class='ocrx_word' id='word_1_240' title='bbox 791 1487 937 1517; x_wconf 81' lang='lat' dir='ltr'>excellat:</span> <span class='ocrx_word' id='word_1_241' title='bbox 961 1487 1007 1517; x_wconf 88' lang='lat' dir='ltr'>sin</span> 
     </span>
     <span class='ocr_line' id='line_1_34' title="bbox 114 1528 1006 1571; baseline 0.001 -13"><span class='ocrx_word' id='word_1_242' title='bbox 114 1528 182 1569; x_wconf 92' lang='lat' dir='ltr'>quis</span> <span class='ocrx_word' id='word_1_243' title='bbox 198 1529 358 1566; x_wconf 81' lang='lat' dir='ltr'>exstiterit,</span> <span class='ocrx_word' id='word_1_244' title='bbox 375 1529 434 1559; x_wconf 91' lang='lat' dir='ltr'>alio</span> <span class='ocrx_word' id='word_1_245' title='bbox 449 1529 480 1559; x_wconf 91' lang='lat' dir='ltr'>in</span> <span class='ocrx_word' id='word_1_246' title='bbox 496 1529 573 1567; x_wconf 87' lang='lat' dir='ltr'>loco,</span> <span class='ocrx_word' id='word_1_247' title='bbox 590 1535 620 1560; x_wconf 84' lang='lat' dir='ltr'>et</span> <span class='ocrx_word' id='word_1_248' title='bbox 637 1530 720 1571; x_wconf 87' lang='lat' dir='ltr'>apud</span> <span class='ocrx_word' id='word_1_249' title='bbox 741 1529 826 1567; x_wconf 79' lang='lat' dir='ltr'>alios,</span> <span class='ocrx_word' id='word_1_250' title='bbox 849 1529 920 1559; x_wconf 86' lang='lat' dir='ltr'>sit.&#39;&#39;</span> <span class='ocrx_word' id='word_1_251' title='bbox 953 1530 1006 1560; x_wconf 91' lang='lat' dir='ltr'>An</span> 
     </span>
     <span class='ocr_line' id='line_1_35' title="bbox 113 1570 1009 1614; baseline 0.002 -13"><span class='ocrx_word' id='word_1_252' title='bbox 113 1570 171 1601; x_wconf 91' lang='lat' dir='ltr'>hoc</span> <span class='ocrx_word' id='word_1_253' title='bbox 186 1581 248 1602; x_wconf 85' lang='lat' dir='ltr'>non</span> <span class='ocrx_word' id='word_1_254' title='bbox 263 1572 306 1602; x_wconf 91' lang='lat' dir='ltr'>ita</span> <span class='ocrx_word' id='word_1_255' title='bbox 320 1573 355 1602; x_wconf 84' lang='lat' dir='ltr'>fit</span> <span class='ocrx_word' id='word_1_256' title='bbox 370 1572 455 1603; x_wconf 89' lang='lat' dir='ltr'>omni</span> <span class='ocrx_word' id='word_1_257' title='bbox 470 1572 502 1602; x_wconf 92' lang='lat' dir='ltr'>in</span> <span class='ocrx_word' id='word_1_258' title='bbox 518 1572 633 1614; x_wconf 90' lang='lat' dir='ltr'>populo</span> <span class='ocrx_word' id='word_1_259' title='bbox 644 1574 658 1603; x_wconf 70' lang='grc' dir='ltr'><em>Ρ</em></span> <span class='ocrx_word' id='word_1_260' title='bbox 687 1573 800 1604; x_wconf 89' lang='lat' dir='ltr'>Nonne</span> <span class='ocrx_word' id='word_1_261' title='bbox 816 1582 938 1602; x_wconf 87' lang='lat' dir='ltr'>omnem</span> <span class='ocrx_word' id='word_1_262' title='bbox 955 1583 1009 1603; x_wconf 88' lang='lat' dir='ltr'>ex-</span> 
     </span>
     <span class='ocr_line' id='line_1_36' title="bbox 115 1615 1010 1655; baseline 0.003 -11"><span class='ocrx_word' id='word_1_263' title='bbox 115 1615 323 1655; x_wconf 80' lang='lat' dir='ltr'>superantiam</span> <span class='ocrx_word' id='word_1_264' title='bbox 351 1615 473 1646; x_wconf 83' lang='lat' dir='ltr'>virtutis</span> <span class='ocrx_word' id='word_1_265' title='bbox 500 1616 630 1646; x_wconf 86' lang='lat' dir='ltr'>oderunt</span> <span class='ocrx_word' id='word_1_266' title='bbox 647 1617 661 1647; x_wconf 73' lang='lat'>,⁹</span> <span class='ocrx_word' id='word_1_267' title='bbox 700 1615 787 1654; x_wconf 84' lang='lat' dir='ltr'>Quid</span> <span class='ocrx_word' id='word_1_268' title='bbox 804 1617 818 1646; x_wconf 71' lang='grc' dir='ltr'><em>Ρ</em></span> <span class='ocrx_word' id='word_1_269' title='bbox 856 1615 1010 1647; x_wconf 84' lang='lat' dir='ltr'>Aristides</span> 
     </span>
     <span class='ocr_line' id='line_1_37' title="bbox 115 1658 1010 1699; baseline 0.003 -12"><span class='ocrx_word' id='word_1_270' title='bbox 115 1658 211 1691; x_wconf 85' lang='lat' dir='ltr'>(malo</span> <span class='ocrx_word' id='word_1_271' title='bbox 222 1658 304 1689; x_wconf 85' lang='lat' dir='ltr'>enim</span> <span class='ocrx_word' id='word_1_272' title='bbox 315 1658 506 1696; x_wconf 86' lang='lat' dir='ltr'>Graeeorum,</span> <span class='ocrx_word' id='word_1_273' title='bbox 517 1669 612 1699; x_wconf 91' lang='lat' dir='ltr'>quam</span> <span class='ocrx_word' id='word_1_274' title='bbox 624 1665 737 1696; x_wconf 86' lang='lat' dir='ltr'>nostra,</span> <span class='ocrx_word' id='word_1_275' title='bbox 749 1658 895 1699; x_wconf 83' lang='lat' dir='ltr'>proferre)</span> <span class='ocrx_word' id='word_1_276' title='bbox 909 1668 1010 1690; x_wconf 90' lang='lat' dir='ltr'>nonne</span> 
     </span>
     <span class='ocr_line' id='line_1_38' title="bbox 114 1701 1011 1743; baseline 0.003 -13"><span class='ocrx_word' id='word_1_277' title='bbox 114 1701 154 1730; x_wconf 92' lang='lat' dir='ltr'>ob</span> <span class='ocrx_word' id='word_1_278' title='bbox 181 1711 250 1731; x_wconf 86' lang='lat' dir='ltr'>eam</span> <span class='ocrx_word' id='word_1_279' title='bbox 276 1712 399 1732; x_wconf 82' lang='lat' dir='ltr'>causam</span> <span class='ocrx_word' id='word_1_280' title='bbox 427 1702 573 1743; x_wconf 84' lang='lat' dir='ltr'>expulsus</span> <span class='ocrx_word' id='word_1_281' title='bbox 595 1708 639 1732; x_wconf 88' lang='lat' dir='ltr'>est</span> <span class='ocrx_word' id='word_1_282' title='bbox 662 1702 772 1743; x_wconf 63' lang='lat' dir='ltr'>pati-33³,</span> <span class='ocrx_word' id='word_1_283' title='bbox 797 1701 880 1742; x_wconf 85' lang='lat' dir='ltr'>quod</span> <span class='ocrx_word' id='word_1_284' title='bbox 902 1708 1011 1742; x_wconf 83' lang='lat' dir='ltr'>praeter</span> 
     </span>
     <span class='ocr_line' id='line_1_39' title="bbox 114 1743 1009 1786; baseline 0.003 -13"><span class='ocrx_word' id='word_1_285' title='bbox 114 1743 242 1774; x_wconf 87' lang='lat' dir='ltr'>modum</span> <span class='ocrx_word' id='word_1_286' title='bbox 252 1744 355 1784; x_wconf 79' lang='lat' dir='ltr'>justus</span> <span class='ocrx_word' id='word_1_287' title='bbox 366 1747 464 1776; x_wconf 84' lang='lat' dir='ltr'>esset?</span> <span class='ocrx_word' id='word_1_288' title='bbox 485 1744 618 1783; x_wconf 88' lang='lat' dir='ltr'>Quantis</span> <span class='ocrx_word' id='word_1_289' title='bbox 627 1745 722 1786; x_wconf 87' lang='lat' dir='ltr'>igitur</span> <span class='ocrx_word' id='word_1_290' title='bbox 734 1744 879 1775; x_wconf 83' lang='lat' dir='ltr'>molestiis</span> <span class='ocrx_word' id='word_1_291' title='bbox 891 1751 1009 1784; x_wconf 81' lang='lat' dir='ltr'>vacant,</span> 
     </span>
    </p>
   </div>
  </div>
 </body>
</html>
