1226 1935
267 53 330 86 DE
353 53 552 94 FINIBUS,
568 52 648 85 11113.
662 52 730 85 111.
746 53 831 86 CAP.
843 55 896 87 22.
986 56 1030 89 2⁹

139 140 234 172 versa.
279 140 421 182 Quaeque
444 146 515 171 sunt
541 146 642 171 vetera
664 146 815 182 praecepta
837 141 1032 182 sapientium,

140 185 193 225 qui
206 185 316 223 jubent
331 186 353 202 “
371 184 499 224 tempori
514 184 652 224 parere‚''
664 189 694 214 et
712 187 734 202 ‘⁶
752 184 837 224 sequi
850 184 991 222 Deum,''
1005 192 1036 216 et

141 230 164 245 ‘⁶
180 238 211 257 se
226 227 380 263 noscere,”
393 234 423 257 et
439 230 461 244 “
474 227 550 257 nihil
567 227 657 256 nimis
670 227 703 262 ;”
727 226 802 264 haec,
816 228 880 258 sine
889 228 1034 269 physicis,

140 280 234 311 quam
250 270 312 300 vim
328 270 471 306 habeant,
489 273 532 303 (et
547 270 660 300 habent
674 270 858 306 maximam)
871 270 972 302 videre
982 281 1036 301 ne-

140 323 191 343 mo
211 319 318 353 potest.
341 313 450 353 Atque
469 313 559 343 etiam
580 312 620 343 ad
637 313 787 352 justitiam
807 313 977 351 colendam,
996 313 1037 344 ad

140 356 268 386 tuendas
291 356 439 386 amicitias
459 361 488 386 et
508 356 639 397 reliquas
659 355 807 393 caritates,
831 356 907 397 quid
926 363 1038 387 natura

140 399 250 436 valeat,
266 398 330 429 haec
354 409 416 428 una
439 399 572 439 cognitio
596 405 695 439 potest
717 398 842 428 tradere.
877 399 944 429 Nec
966 410 1038 430 vcro

140 441 236 482 pietas
248 441 389 472 adversus
405 441 499 478 Deos,
511 452 566 472 nec
581 448 696 483 quanta
711 441 758 471 his
769 442 868 482 gratia
878 441 1037 481 debeatur,

142 484 205 514 sine
218 484 417 525 explicatione
427 491 543 515 naturae
558 484 687 525 intelligi
702 490 810 525 potest.

185 527 245 557 Sed
257 528 322 566 jani
338 527 432 557 sentio
447 538 497 557 nie
515 538 577 557 esse
595 527 715 568 longius
736 533 923 568 provectum,
941 538 1036 568 quam

141 570 294 611 proposita
310 571 385 600 ratio
402 571 576 611 postularet.
615 570 734 601 Verum
750 570 938 600 admirabilis
953 581 1037 601 com-

142 613 250 653 positio
266 613 443 653 disciplinae,
460 613 704 654 incredibilisque
719 623 820 643 rerum
836 613 928 643 traxit
940 613 1034 644 ordo:

143 666 212 696 quae
237 658 304 696 (per
325 656 406 686 Deos
429 656 614 686 immortales
627 657 650 693 !)
667 666 767 686 nonne
783 656 925 686 miraris?
950 656 1037 694 Quid

143 699 225 728 enini
242 706 294 729 aut
316 699 347 728 in
371 699 480 729 naturai
496 699 571 739 (qua
590 698 667 728 nihil
689 705 733 729 est
754 699 864 740 aptius,
887 699 963 729 nihil
984 699 1037 729 de-

144 742 309 782 scriptius)‚
320 748 373 771 aut
389 742 418 771 in
431 742 572 782 operibus
584 752 678 772 manu
694 741 791 778 factis,
809 749 872 772 tam
888 742 1038 782 composi-

144 790 223 822 tum,
241 791 365 825 tamque
381 791 572 825 compactum
589 791 618 814 et
633 792 890 824 coagmentatum,
908 785 1038 815 inveniri

144 829 270 868 potest?
295 827 369 868 quid
393 827 540 868 posterius
567 827 660 868 priori
686 837 747 857 non
773 827 937 858 convenit?
962 827 1038 868 quid

144 870 291 911 sequitur,
331 869 413 911 quod
447 880 508 900 non
535 869 712 910 respondeat
742 870 888 911 superiori
900 872 914 901 ‚⁹
963 870 1039 911 quid

145 922 206 943 non
229 913 269 943 sic
292 913 375 943 aliud
397 923 433 944 ex
455 913 514 943 alio
534 913 674 950 nectitur,
694 920 729 942 ut
749 922 821 951 non,
843 913 867 943 si
887 923 982 943 unam
1001 913 1040 943 li-

145 962 241 986 teram
264 956 403 993 mooeris,
434 956 536 986 labent
566 956 696 986 omnia?
730 956 797 986 Nec
821 962 922 986 tamen
950 956 1040 997 quid-

146 1009 240 1040 quam
261 1005 314 1037 est,
332 999 414 1040 quod
437 998 550 1029 moveri
572 998 674 1040 possit.
707 998 811 1036 Quam
836 999 935 1039 gravis
957 1009 1038 1037 vero,

146 1052 240 1082 quam
256 1042 428 1104 magnifica,
445 1052 539 1083 quam
562 1048 711 1079 constans,
735 1042 892 1071 conficitur
912 1051 1041 1083 persona

146 1085 309 1125 sapientis!
347 1086 411 1126 qui,
440 1095 510 1115 cum
535 1085 610 1115 ratio
641 1084 786 1123 docuerit,
818 1084 900 1125 quod
931 1085 1040 1115 hones-

147 1133 214 1157 tum
242 1133 327 1166 esset,
353 1128 384 1158 id
408 1138 470 1158 esse
493 1128 591 1158 solum
616 1129 743 1165 bonum,
770 1138 888 1168 semper
910 1127 959 1165 sit,
987 1138 1041 1158 ne-

147 1180 226 1200 cesse
241 1177 295 1206 est,
317 1171 433 1207 beatus,
457 1181 585 1211 vereque
603 1171 706 1201 onmia
723 1170 781 1200 ista
801 1171 926 1200 nomina
946 1170 1041 1211 possi-

147 1213 227 1250 deat,
244 1224 313 1254 quae
328 1213 445 1244 irrideri
459 1215 497 1243 ab
512 1213 659 1254 imperitis
674 1213 778 1243 solent.
813 1214 938 1244 Rectius
957 1213 1040 1244 enim

147 1257 350 1296 appellabitur
365 1267 429 1293 rex,
451 1267 545 1297 quam
566 1256 765 1297 Tarquinius,
787 1257 840 1297 qui
860 1267 915 1287 nec
935 1267 965 1287 se
986 1267 1042 1287 nec

148 1309 217 1329 suos
233 1310 334 1339 regere
348 1300 467 1340 potuit:
501 1300 609 1329 rectius
624 1299 767 1339 magister
782 1299 887 1340 populi
904 1299 941 1333 (is
958 1300 1040 1330 enim

148 1348 192 1372 est
216 1342 368 1380 dictator),
396 1352 490 1383 quam
515 1343 612 1380 Sulla,
635 1343 688 1383 qui
715 1342 808 1372 trium
828 1342 1040 1383 pestiferorum

149 1385 304 1423 vitiorum,
331 1386 472 1423 luxuxiae‚
499 1386 642 1423 avaritiae,
670 1385 865 1423 crudelitatis,
896 1385 1041 1426 magister

149 1427 228 1458 fuit:
254 1428 363 1458 rectius
378 1428 471 1464 dives,
489 1439 583 1469 quani
600 1429 736 1465 Crassus,
750 1428 814 1468 qui,
831 1428 888 1458 nisi
898 1429 1039 1468 eguisset,

150 1480 310 1511 nunquam
333 1471 511 1512 Euphraten
531 1472 618 1501 nulla
642 1471 713 1501 belli
734 1472 824 1501 causa
839 1472 965 1501 transire
988 1482 1041 1501 vo-

149 1513 262 1543 luisset.
287 1514 381 1544 Recte
396 1515 460 1553 ejus
483 1514 586 1544 omnia
600 1514 748 1550 dicentur,
766 1514 819 1554 qui
834 1514 889 1544 scit
900 1514 945 1544 uti
960 1515 1042 1545 solus

151 1556 301 1587 onir-ibus.
327 1557 420 1587 Recte
443 1557 533 1587 etiarn
556 1557 682 1620 pulcher
697 1557 921 1598 appellabitur;
945 1557 1041 1587 animi

152 1599 234 1629 enim
260 1599 442 1630 lineamenta
465 1606 535 1630 sunt
559 1611 614 1641 pu
602 1600 741 1637 l·ch1iora,
768 1610 861 1640 quam
889 1600 1038 1640 corporis:

151 1648 229 1672 recte
244 1643 324 1672 solus
339 1643 426 1681 liber,
443 1653 497 1673 nec
512 1643 710 1673 dominationi
726 1644 906 1683 cujusquam
919 1653 1038 1692 parens,

152 1694 250 1725 neque
280 1685 420 1715 obeojens
450 1686 627 1726 cupiditati.
667 1692 745 1716 recte
777 1686 916 1724 invictus,
953 1687 1040 1725 cujus

153 1727 244 1758 etiam
262 1738 287 1759 Sl
302 1739 409 1770 corpus
424 1729 655 1770 OOnStIingatur,
677 1739 779 1760 annno
802 1735 904 1760 tamen
920 1728 1041 1760 Vincula

719 1780 743 1802 D
760 1772 780 1801 3
