1226 1935
284 302 348 343 Μ.
372 301 594 344 TULLII
627 300 967 343 CICERONIS

216 415 1058 466 TUSCULANARUM

355 534 929 585 QUAESTIONUM,

427 652 501 689 AD
528 651 585 688 M.
612 649 854 694 BRUTUM,

381 768 562 800 LIBER
595 768 904 800 SECUNDUS.

574 888 721 919 -Φ-

467 993 517 1022 De
533 991 687 1023 tolerando
702 992 826 1022 Dolore.

255 1076 282 1106 Ῐν
317 1075 608 1107 NEOPTOLEMUS
646 1076 782 1118 quidem,
821 1074 903 1116 apud
937 1075 1087 1112 Ennium,

202 1119 407 1159 philosophari
423 1120 479 1150 sibi
498 1121 539 1150 ait
562 1131 678 1150 necesse
699 1130 772 1155 esse,
797 1119 849 1149 sed
870 1119 993 1158 paucisg
1019 1128 1091 1147 nam

203 1162 328 1191 omnino
354 1162 436 1192 haud
459 1163 584 1203 placere.
614 1163 682 1203 Ego
704 1169 818 1200 autem,
842 1162 950 1199 Brute,
975 1171 1092 1191 necesse

203 1204 280 1234 mihi
296 1205 419 1244 quidem
439 1216 500 1235 esse
520 1206 646 1236 arbitror
668 1204 896 1246 philosophari:
922 1214 993 1233 nam
1018 1203 1092 1244 quid

204 1257 340 1287 possum,
360 1249 527 1287 praesertim
553 1249 629 1278 nihil
651 1258 754 1289 agens,
775 1258 863 1287 agere
882 1247 1018 1276 melius?
1042 1245 1094 1275 sed

205 1299 266 1319 non
282 1291 396 1330 1)auciS‚
413 1297 448 1320 ut
463 1291 524 1320 ine.
548 1291 681 1321 Difficile
697 1297 740 1321 est
755 1291 848 1328 enim,
861 1290 892 1319 in
904 1288 1095 1329 philosophi&

204 1343 301 1372 pauca
327 1343 389 1362 esse
411 1333 438 1363 ei
461 1339 543 1371 nota,
560 1334 609 1364 eui
631 1344 692 1363 non
714 1333 774 1363 sint
797 1339 849 1363 aut
867 1333 1020 1373 pleraque,
1041 1336 1094 1361 aut

205 1375 318 1404 onmia.
344 1376 427 1405 Nam
444 1386 497 1407 nec
512 1387 619 1417 pauca,
630 1377 687 1406 nisi
700 1387 716 1406 e
731 1376 847 1412 multis,
861 1375 931 1415 eligi
946 1380 1093 1414 possunt3

204 1427 270 1455 nec,
294 1418 347 1458 qui
368 1429 464 1459 pauca
484 1420 659 1460 perceperit,
679 1429 740 1449 non
761 1419 842 1448 idem
858 1419 974 1458 reliqua
988 1417 1093 1447 eodem

205 1460 305 1490 studio
320 1468 524 1502 persequetur.
549 1462 619 1499 Sed,
636 1462 667 1491 in
683 1462 745 1492 vita
761 1468 862 1491 tamen
878 1460 1033 1500 occupata,
1050 1466 1095 1488 at-

207 1514 278 1543 que,
302 1510 336 1533 ut
361 1504 555 1544 Neoptolemi
574 1511 640 1534 tum
661 1510 735 1540 erat,
757 1504 892 1542 militari,
914 1513 1009 1543 pauca
1030 1502 1095 1542 ipsa

205 1547 340 1575 multum
370 1558 448 1587 saepe
476 1554 622 1587 pros-unm
648 1553 676 1577 et
705 1547 806 1576 ferunt
832 1547 958 1583 fructus,
985 1545 1010 1575 si
1033 1554 1094 1574 non

207 1593 316 1627 tantos,
336 1590 442 1629 quanti
463 1601 501 1620 ex
522 1590 661 1620 univers&
681 1589 873 1630 philosophia
893 1588 1006 1629 percipi
1026 1598 1095 1627 pos-

206 1637 288 1669 sunt,
306 1637 408 1662 tamen
424 1643 484 1671 eos,
509 1633 631 1674 quibus,
648 1633 751 1673 aliqua&
769 1643 806 1662 ex
825 1638 920 1672 parte,
942 1631 1094 1661 interdum

205 1680 260 1703 aut
275 1674 438 1715 cupiditate
459 1682 513 1705 aut
535 1676 713 1716 {egritudine
734 1680 787 1705 aut
806 1681 890 1705 metu
910 1674 1093 1704 liberemur:

207 1717 291 1747 velut
306 1727 343 1747 ex
360 1717 395 1748 eit
410 1717 625 1759 disputatione,
643 1729 712 1759 quae
727 1717 803 1748 mihi
820 1727 916 1758 nuper
931 1716 1035 1747 habita
1053 1721 1096 1746 est
