1226 1935
245 84 368 115 TUSC.
385 83 558 123 QUAEST.
576 84 656 115 Lm.
674 83 734 114 1V.
751 83 834 115 CAP.
851 85 904 115 33.
959 85 1023 116 245

133 170 164 200 0
187 171 362 212 praeclaram
387 170 619 201 emendatricem
646 169 716 201 vitae
746 170 917 211 poeticam!
951 180 1021 212 quae

131 223 279 251 amorem,
307 213 412 253 flagitii
439 219 468 243 et
491 213 620 243 levitatis
646 219 811 250 auctorem,
839 214 870 244 in
895 213 1022 245 concilio

134 255 271 287 Deorum
295 256 503 287 collocandum
528 262 624 297 putet.
657 256 706 286 De
729 256 875 286 comoedia
901 257 1021 298 loquor,

132 309 213 340 quse,
238 299 262 329 si
286 299 349 329 haec
373 299 487 340 flagitia
512 308 572 329 non
599 300 807 340 probaremus,
836 299 922 329 nulla
948 306 1023 330 esset

131 342 266 372 omnino.
301 342 388 379 Quid
407 342 449 372 ait
470 352 508 372 ex
529 342 675 383 tragoedia
695 342 834 383 princeps
856 343 908 373 ille
922 344 1026 384 Argo—

127 387 320 415 nautarum?

176 445 199 462 “
215 443 268 474 Tu
283 454 334 474 me
356 444 466 475 amoris
481 444 586 486 magi',
611 453 706 486 quam
720 444 854 483 honoris,
871 444 1024 475 servavisti

260 486 390 527 gratia?

132 554 219 593 Quid
243 565 313 595 ergo
327 557 341 586 ?
363 555 413 586 hic
433 566 518 586 amor
545 555 666 586 Medeae
692 560 810 596 quanta
832 554 1023 586 miseriarum

133 598 274 628 excitavit
298 598 456 629 incendia!
482 599 589 640 Atque
610 609 645 629 ea
670 605 785 635 tamen,
814 598 897 639 apud
928 598 1023 629 alium

129 644 266 682 poetam,
282 642 361 682 patri
375 641 472 672 dicere
487 642 590 679 audet,
607 652 637 672 se
651 642 814 682 conjugem
827 641 971 672 habuisse

176 701 199 718 “
215 699 323 738 Illum,
336 711 421 731 amor
436 711 527 742 quem
544 700 676 739 dederat,
694 701 748 742 qui
763 700 834 741 plus
848 700 954 742 pollet,
970 710 1026 742 po-

264 744 382 784 tiorque
397 751 440 774 est
454 744 573 785 patre.'’

177 813 344 844 XXXIII.
368 814 428 845 Sed
443 817 547 855 po'e'tas
563 814 668 845 ludere
678 814 823 852 sinamus,
837 824 968 855 quorum
980 814 1026 844 fa-

133 857 214 888 bulis
233 857 265 887 in
287 857 345 888 hoc
360 858 475 898 flagitio
497 858 608 888 versari
628 858 729 898 ipsum
749 858 887 888 videmus
902 858 1024 888 Jovem.

134 900 187 930 Ad
217 900 375 941 magistros
399 901 518 931 virtutis
543 901 739 941 philosophos
765 900 942 935 veniamus;
972 900 1026 941 qui

133 953 269 974 amorem
292 949 404 984 negant
427 944 524 984 stupri
550 954 623 981 esse,
641 950 670 973 et
693 943 725 973 in
750 953 785 973 eo
809 943 931 983 litigant
955 953 1026 973 curn

134 985 280 1027 Epicuro,
307 996 367 1016 non
388 987 523 1017 multum
546 989 594 1020 <ut
617 986 719 1027 opinio
742 996 812 1016 mea
840 986 911 1023 fert)
940 996 1027 1016 men-

134 1029 234 1059 tiente.
267 1029 347 1066 Quis
362 1035 406 1059 est
421 1030 503 1059 enim
517 1030 573 1060 iste
588 1040 673 1059 amor
691 1029 831 1059 amicitiae
842 1030 856 1059 Ρ
891 1028 955 1059 Cur
975 1039 1028 1059 ne-

133 1082 194 1113 que
209 1072 374 1102 deformem
391 1072 610 1103 adolescentem
626 1072 791 1113 quisquam
808 1078 902 1109 amat,
927 1081 1027 1112 neque

134 1115 302 1146 formosum
323 1125 424 1146 senem
437 1117 450 1146 ?
481 1115 564 1145 Mihi
580 1115 705 1156 quidem
720 1116 784 1146 haec
800 1115 831 1145 in
849 1115 1026 1145 Graecorum

134 1158 299 1198 gymnasiis
324 1165 396 1189 nata
419 1158 603 1189 consuetudo
627 1158 758 1195 videtur,
784 1158 817 1188 in
841 1158 954 1198 quibus
977 1158 1027 1188 isti

135 1201 221 1233 liberi
235 1207 264 1232 et
279 1202 408 1232 concessi
423 1208 494 1232 sunt
508 1212 636 1232 amores.
660 1202 747 1232 Bene
762 1211 834 1242 ergo
849 1201 983 1239 Ennius,

180 1262 203 1278 ‘⁶
219 1260 343 1302 Flagitii
357 1261 544 1303 principium
564 1266 609 1292 est
631 1260 747 1292 nudare
769 1261 848 1291 inter
867 1260 946 1291 cives
964 1270 1028 1291 cor-

263 1304 369 1345 pora.''

136 1373 201 1412 Qui
225 1379 259 1404 ut
279 1374 349 1410 sint,
366 1375 447 1417 quod
468 1375 533 1406 fieri
555 1385 642 1416 posse
660 1375 758 1411 video,
776 1374 891 1416 pudici,
909 1374 1028 1405 solliciti

137 1423 238 1447 tamen
255 1427 284 1448 et
303 1419 386 1448 anxii
401 1425 490 1456 sunt3
515 1429 611 1460 eoque
625 1419 735 1460 magis,
753 1418 836 1460 quod
851 1418 942 1459 seipsi
957 1428 1029 1448 con-

137 1460 234 1490 tinent
258 1467 288 1491 et
313 1464 457 1492 coercent.
504 1462 623 1503 Atque,
649 1468 684 1492 ut
715 1461 880 1492 muliebres
910 1471 1028 1491 amores

136 1503 288 1541 omittam,
305 1504 416 1545 quibus
433 1505 581 1544 majorem
601 1504 754 1535 licentiam
776 1511 886 1534 natura
907 1514 1029 1534 conces-

137 1547 195 1581 sit;
229 1547 297 1587 quis
322 1554 375 1578 aut
400 1547 437 1578 de
463 1548 651 1589 Ganymedis
676 1554 766 1589 raptu
793 1547 924 1584 dubitat,
951 1546 1028 1587 quid

136 1590 234 1630 po'etae
249 1590 369 1621 velint?
392 1597 446 1621 aut
460 1601 520 1621 non
535 1591 689 1631 intelligit,
707 1590 781 1632 quid
796 1589 880 1631 apud
900 1589 1028 1629 Euripi-

137 1632 207 1662 dem
223 1639 252 1662 et
266 1633 408 1674 loquatur
423 1640 452 1664 et
472 1634 574 1675 cupiat
589 1634 709 1664 Laius?
732 1633 807 1674 quid
823 1633 954 1673 denique
967 1632 1026 1662 ho-

137 1675 234 1706 mines
253 1675 416 1707 doctissimi
439 1683 469 1707 et
484 1677 596 1707 summi
617 1680 714 1718 poe'tae
733 1677 771 1707 de
792 1687 823 1707 se
838 1676 895 1717 ipsi
913 1681 943 1706 et
965 1685 1029 1705 car-

137 1718 272 1749 minibus
283 1719 372 1749 edant
387 1726 416 1750 et
425 1721 589 1751 cantibus?
603 1718 629 1750 F
631 1720 702 1750 ortis
717 1720 762 1750 vir
777 1719 808 1750 in
825 1730 880 1749 sua
895 1717 1029 1759 republi-

138 1771 174 1792 ca
188 1762 336 1803 cognitus,
347 1773 416 1805 quae
428 1763 482 1794 de
471 1773 621 1804 Juvenum
633 1773 735 1794 amore
745 1762 862 1804 scripsit
875 1761 1019 1793 Alcaeus.
1013 1762 1026 1780 ²

703 1814 727 1837 Y
751 1807 770 1836 3
