1226 1935
191 49 235 78 56
316 45 377 76 DE
400 45 599 85 FINIBUS,
624 45 704 76 Lm.
723 45 783 78 1V.
806 45 892 77 CAP.
907 46 961 77 24.

192 143 264 164 nam
276 131 476 173 expetendam
490 138 601 173 negent
615 143 688 170 esse,
705 132 875 173 eligendam
891 132 1003 170 dicant,
1019 141 1084 162 non

194 176 267 218 quia
282 176 320 206 sit
334 177 449 206 bonum
466 176 574 213 valere,
591 176 642 206 sed
657 176 730 217 quia
750 176 788 206 sit
808 186 869 205 non
890 176 985 205 nihilo
1005 176 1083 205 aesti-

195 219 365 255 mandum3
389 228 488 259 neque
503 224 604 248 tamen
619 219 726 259 pluris,
748 229 841 259 quam
860 219 919 248 illis
935 218 1084 257 videatur,

195 263 249 303 qui
270 261 347 291 illud
367 272 427 291 non
450 262 590 292 dubitent
610 263 726 292 bonum
745 262 852 292 dicere.
887 262 957 291 Hoc
972 271 1042 291 vero
1056 267 1087 291 te

195 306 272 335 ferre
292 315 352 335 non
373 304 516 345 potuisse,
541 305 624 345 quod
638 305 756 346 antiqui
771 305 828 342 illi,
855 305 941 344 quasi
957 304 1088 342 barbati,

197 355 232 378 ut
256 358 310 378 nos
330 347 367 377 de
387 348 495 378 nostris
515 348 645 378 solemus
666 348 774 385 dicere,
797 347 986 384 crediderint,
1009 348 1085 386 ejus,

196 391 251 432 qui
276 391 400 421 honeste
425 390 547 429 viveret,
573 391 597 421 si
621 391 703 421 idem
724 397 753 421 et
772 392 848 421 bene
868 391 990 425 valeret,
1012 391 1089 420 bene

197 434 327 470 audiret,
345 433 481 474 copiosus
496 439 583 470 esset,
599 434 809 474 optabiliorem
824 434 887 464 fore
903 433 1008 470 vitam,
1024 443 1090 463 me-

196 477 366 517 lioremque
391 483 420 506 et
440 476 538 517 magis
559 477 772 516 expetendam,
795 486 889 517 quam
909 476 1002 512 illius,
1024 476 1090 516 qui,

198 530 286 560 aeque
307 519 352 550 vir
373 520 483 558 bonus,
505 520 611 549 multis
631 519 729 550 modis
750 526 836 557 esset,
857 524 892 549 ut
906 519 1001 549 Ennii
1016 519 1092 549 Ale-

202 573 292 602 maeo,

242 623 266 639 “
283 620 516 652 Circumventus
531 622 649 659 morbo,
666 620 783 660 exsilio,
799 626 891 662 atque
906 620 1044 661 inopia?

199 692 251 723 Illi
267 691 361 732 igitur
376 691 495 732 antiqui
516 701 577 721 non
598 698 661 721 tam
676 697 763 722 acute
779 692 988 732 optabiliorem
1008 691 1094 722 illam

200 735 294 765 vitam
307 740 427 774 putant,
440 735 688 774 praestantiorem,
699 735 873 765 beatiorem.
891 734 984 765 Stoici
993 740 1096 765 autem

200 777 412 807 tantummodo
439 778 673 818 praeponendam
697 778 728 807 in
756 778 921 817 seligendo,
949 787 1009 807 non
1034 788 1096 818 quo

199 820 315 850 beatior
330 820 394 850 haec
410 820 471 850 vita
486 821 534 857 sit,
552 821 603 850 sed
619 820 701 861 quod
716 820 754 850 ad
770 827 912 850 naturam
925 831 1097 851 accommo-

201 863 317 899 datior;
342 869 382 901 et,
406 863 459 903 qui
476 864 623 903 sapientes
639 873 699 893 non
717 863 787 901 sint,
810 873 915 893 omnes
936 874 1022 904 aeque
1037 864 1096 893 mi-

199 917 278 937 seros
294 916 364 936 esse.
389 906 483 936 stoici
498 906 562 936 haec
577 906 716 936 videlicet
731 906 882 943 viderunt,
901 906 981 940 (illos
993 913 1096 937 autem

200 949 231 978 id
257 949 377 989 fugerat
400 949 580 989 superiores)
607 949 661 989 qui
690 949 926 986 arbitrabantur,
958 949 1098 980 homines

200 992 361 1022 sceleribus
382 997 411 1021 et
431 992 597 1032 parricidiis
617 992 792 1033 inquinatos
813 992 909 1022 nihilo
930 992 1098 1024 miseriores

199 1045 273 1071 esse,
297 1045 391 1075 quam
412 1045 472 1071 eos,
496 1035 560 1074 qui,
582 1045 653 1065 cum
676 1040 754 1064 caste
771 1041 800 1065 et
815 1035 931 1074 integre
949 1035 1096 1074 viverent,

200 1077 338 1107 nondum
354 1077 517 1118 perfectam
532 1077 617 1107 illam
635 1077 815 1118 sapientiam
827 1084 924 1108 essent
935 1080 1097 1111 consecuti.

242 1121 350 1161 Atque
373 1121 429 1151 hoc
449 1121 514 1150 loco
535 1120 748 1151 similitudines
770 1132 830 1158 eas,
853 1121 964 1161 quibus
984 1122 1030 1151 1111
1049 1123 1096 1153 uti

200 1164 308 1199 solent,
326 1163 542 1193 dissimillimas
557 1164 737 1204 proferebas.
772 1164 850 1202 Quis
867 1164 947 1194 enim
963 1164 1093 1204 ignorat,

201 1207 225 1237 si
250 1207 351 1247 plures
376 1217 413 1236 ex
434 1207 496 1237 alto
516 1217 668 1247 emergere
689 1207 794 1245 velint,
816 1207 941 1248 propius
962 1207 1025 1238 fore
1044 1219 1094 1240 eos

201 1250 327 1297 quidem
339 1249 377 1279 ad
390 1249 610 1290 respirandum,
624 1250 677 1290 qui
690 1250 728 1280 ad
740 1260 893 1280 summam
903 1251 968 1289 jam
980 1261 1092 1291 aquam

200 1292 459 1340 appropinquant,
490 1293 541 1323 sed
570 1292 666 1323 nihilo
694 1293 791 1333 magis
821 1293 965 1333 respirare
994 1305 1091 1334 posse,

202 1346 295 1376 quam
311 1346 360 1365 eos
375 1335 428 1375 qui
444 1342 515 1365 sunt
529 1336 560 1365 in
576 1336 745 1376 profundo.
739 1318 765 1358 ’ξ’
778 1336 865 1366 Nihil
881 1347 951 1376 ergo
967 1337 1092 1376 adjuvat

200 1378 369 1427 procedere,
394 1385 422 1408 et
442 1378 608 1419 progredi
601 1389 632 1408 111
653 1379 774 1415 virtute,
793 1379 970 1427 quominus
986 1381 1091 1412 miser.

200 1422 295 1452 rimus
315 1421 365 1457 sis,
382 1427 544 1462 antequam
560 1421 598 1451 ad
613 1432 680 1452 eam
696 1422 874 1470 perveneris,
892 1423 1037 1462 quoniam
1057 1425 1089 1456 in

201 1476 283 1505 aqua
297 1464 373 1494 nihil
389 1464 533 1503 adjuvat·
558 1471 587 1495 ct
610 1465 762 1513 quoniam
777 1465 879 1501 catuli,
896 1465 949 1505 qui
962 1467 1027 1505 jam
1043 1468 1091 1499 di-

201 1507 331 1548 specturi
347 1513 428 1544 sunt,
445 1508 514 1537 caeci
530 1518 615 1548 aeque
630 1514 660 1537 et
674 1508 695 1537 ii
711 1508 764 1548 qui
774 1508 864 1538 modo
876 1508 959 1543 nati3
986 1510 1088 1542 Plato-

200 1561 270 1580 nem
291 1560 412 1590 quoque
432 1560 549 1580 necesse
569 1557 623 1587 est,
645 1551 790 1591 quoniam
811 1551 947 1580 nondum
970 1552 1090 1585 videbat

200 1593 389 1635 sapientiam,
407 1604 492 1633 aeque
507 1604 619 1623 caecum
634 1593 736 1623 animo
751 1604 785 1624 ac
802 1594 957 1624 Phalarim
972 1595 1073 1627 fuisse.

245 1636 373 1666 XXIV.
399 1637 462 1666 Ista
483 1637 594 1666 similia
618 1646 677 1666 non
698 1642 780 1671 sunt,
803 1638 899 1672 Canu
924 1637 954 1666 in
976 1640 1088 1679 quibus

201 1679 341 1720 quamvis
360 1679 494 1709 multum
515 1680 700 1720 processeris,
723 1686 824 1709 tamen
843 1679 918 1709 illud
935 1680 965 1710 in
981 1682 1087 1713 eadem

200 1722 291 1753 causa
315 1727 370 1759 est,
392 1733 409 1752 a
430 1733 491 1762 quo
512 1724 613 1754 abesse
634 1723 716 1760 velis,
738 1722 834 1753 donee
853 1724 988 1756 evaseris.
1022 1726 1089 1757 Nec
