1180 1935
155 113 221 149 378
267 110 329 142 DE
347 110 455 142 NAT.
472 111 610 143 DEOR.
624 110 704 142 Lm.
722 112 768 142 ΙΙ.
785 112 869 144 cip,
887 114 937 144 44.

201 197 377 228 Adversum
392 203 483 238 caput
497 197 569 228 huic
585 197 691 227 Helice
706 198 876 229 truculenta
890 204 1002 229 tuetur.

203 241 250 271 At
265 241 366 281 Capra
379 240 492 270 laevum
507 241 671 271 humerum
686 241 766 271 clara
780 242 927 272 obtinet.”

162 306 249 337 Tum
265 317 333 347 quae
348 312 516 346 sequuntur
529 316 537 335 z

207 369 230 384 “
248 366 365 413 Verum
388 365 453 395 haec
476 370 519 394 est
542 373 653 404 magno
677 369 768 404 atque
793 364 903 394 illustri
925 364 1051 405 praedita

304 420 307 424 ·
321 419 340 432 σ
393 420 400 437 :

209 418 426 482 Gontianiissdi
441 450 587 490 exiguum
599 449 717 488 jaciunt
727 450 905 480 mortalibus
916 450 1053 491 ignem.''

168 512 267 551 Cujus
283 512 339 541 sub
355 510 484 551 pedibus

213 573 235 589 ‘⁶
254 569 400 609 Corniger
415 574 459 599 est
474 567 573 599 valido
588 567 736 598 connixus
751 577 872 608 corpore
886 567 1043 599 Taurus.'’

168 630 248 670 Ejus
263 634 353 670 caput
369 628 461 659 stellis
473 637 665 667 conspersum
681 632 725 657 est
739 626 947 667 frequentibus
960 638 969 657 ε

215 692 238 707 “
256 689 323 719 Has
341 687 439 717 Graeci
451 687 551 717 stellas
566 686 693 726 Hyadas
708 686 836 716 vocitare
851 686 1011 725 sue'runt‚’⁸

169 759 188 778 a
203 747 337 788 pluendo
353 747 421 781 (ὗειν
439 746 520 775 enim
537 750 581 776 est
595 746 725 786 pluere),
743 745 837 775 nostri
852 745 990 786 imperite
1004 757 1056 776 su-

171 792 266 828 culus,
290 790 377 830 quasi
399 799 417 818 a
438 790 529 818 subus
552 794 658 825 essent,
685 798 745 818 non
768 789 806 818 ab
828 788 987 826 imbribus,
1004 799 1058 819 no-

172 834 305 863 minatae.
336 832 492 862 Minorem
513 837 616 861 autem
644 831 895 872 Septemtrionem
920 832 1060 872 Cepheus

173 877 267 918 passis
278 875 388 916 palmis
404 880 486 915 tergo
502 874 705 914 subsequitur.

218 938 241 954 “
258 935 404 974 Namque
425 933 527 974 ipsun]
549 932 588 963 ad
609 938 728 973 tergum
751 931 916 974 Cynosurae
936 932 1061 963 vertitur

301 977 423 1007 Arcti.’'

176 1041 271 1072 Hunc
286 1039 435 1070 antecedit

221 1097 243 1113 “
260 1094 401 1125 Obscura
416 1092 511 1134 specie
526 1092 681 1124 stellarum
697 1091 866 1133 Cassiopea.

223 1138 314 1168 Hanc
329 1142 432 1167 autem
446 1136 556 1166 illustri
572 1142 706 1167 versatur
720 1146 842 1176 corpore
856 1141 979 1177 propter

220 1179 431 1218 Andromeda,
448 1179 607 1219 aufugiens
618 1178 794 1219 adspectum
807 1184 912 1209 moesta
921 1179 1062 1220 parentis.

223 1223 307 1254 Huic
322 1223 431 1264 Equus
445 1222 507 1259 ille,
520 1224 628 1260 jubam
644 1221 782 1261 quatiens
796 1221 914 1261 fulgore
929 1221 1064 1261 micanti,

222 1269 388 1297 Summum
400 1265 546 1305 contingit
558 1270 648 1305 caput
662 1265 749 1295 alvo:
767 1264 912 1305 stellaque
923 1265 1056 1306 jungens

223 1310 305 1348 Una,
322 1314 403 1339 tenet
418 1308 553 1348 duplices
567 1308 723 1338 communi
737 1307 854 1337 lumine
868 1308 991 1345 formas,

223 1353 388 1383 AEternum
405 1361 442 1381 ex
457 1351 542 1380 astris
557 1351 680 1391 cupiens
695 1356 867 1380 connectere
882 1350 1008 1382 nodum.

224 1395 308 1425 Exin
323 1394 464 1425 contortis
477 1394 568 1424 Aries
582 1404 654 1425 cum
668 1393 808 1424 cornibus
823 1393 948 1424 haeret.”

178 1456 282 1494 Quem
296 1460 430 1497 propter,

224 1517 246 1531 “
261 1514 372 1551 Pisces,
389 1523 518 1555 quorum
535 1513 610 1543 alter
624 1513 751 1553 paulurn
767 1512 942 1554 praelabitur
955 1520 1036 1554 ante,

223 1557 267 1588 Et
282 1556 378 1598 magis
392 1556 544 1587 horriferis
558 1556 723 1596 Aquilonis
739 1557 872 1596 tangitur
887 1557 999 1587 auris.'’

225 1627 351 1658 XLIV„
374 1626 428 1657 Ad
446 1626 537 1668 pedes
555 1626 763 1657 Andromedae
783 1626 909 1656 Perseus
924 1625 1064 1656 describi-

180 1677 242 1710 tur,

224 1732 247 1749 ‘⁶
261 1730 365 1769 Quem
377 1729 499 1762 summa
508 1731 547 1762 ab
559 1730 679 1772 regione
689 1729 854 1772 Aquilonis
865 1729 989 1761 flamina
999 1729 1069 1773 pul-

309 1779 384 1805 sant·
