1226 1935
249 70 371 102 TUSC.
388 69 559 109 QUAEST.
578 69 656 101 Lm.
675 70 734 102 1v.
751 70 835 101 Cap.
848 70 900 101 36.
956 70 1018 106 247

137 166 207 188 vero
221 157 284 198 ipse
299 167 359 188 non
371 162 491 198 propter
500 156 657 188 libidinem
669 162 754 187 tanta
765 156 878 197 flagitia
889 162 918 187 et
929 155 1019 187 faciat

136 205 168 231 et
182 199 270 230 dicat.

180 242 321 273 XXXV.
345 242 394 273 Sic
416 242 508 283 igitur
523 242 627 273 affecto
641 241 705 272 haec
720 241 890 272 adhibenda
903 241 1019 273 curatio

137 291 192 323 est,
212 291 246 315 ut
265 292 294 316 et
314 285 391 315 illud
413 285 495 326 quod
520 285 633 326 cupiat,
654 285 801 322 ostendat,
823 295 916 325 quam
940 285 1017 321 leve,

136 338 230 368 quam
246 328 511 365 contemnendum,
527 338 620 369 quam
633 328 709 358 nihil
724 328 762 358 sit
773 327 908 365 omnino,
924 337 1019 368 quam

136 371 224 401 facile
239 371 285 401 vel
301 371 422 401 aliunde
438 371 484 401 vel
505 371 563 401 alio
578 370 668 401 modo
687 370 802 412 perfici,
825 370 872 400 vel
894 369 1019 400 omnino

136 414 260 454 negligi,
277 414 377 454 possit.
411 413 619 444 Abducendus
635 419 678 443 est
693 414 783 443 etiam
799 422 1020 454 nonnunquam

136 456 175 486 ad
199 457 258 486 alia
281 457 390 492 studia,
417 456 641 493 sollicitudines,
669 466 765 493 curas,
790 455 909 496 negotia
922 467 930 486 :
960 454 1020 485 loci

135 498 266 540 denique
287 499 455 529 mutatione
477 502 648 540 (tamquam
669 499 771 539 aegroti
796 497 888 539 [non]
911 508 1020 529 conva-

136 542 291 579 lescentes)
308 553 385 583 saepe
411 542 560 572 curandus
581 547 633 572 est.
665 541 769 572 Etiam
790 551 867 571 novo
885 541 1019 582 quodam

136 595 238 615 amore
267 590 397 615 veterem
423 595 568 622 amorem,
594 591 751 625 tamquam
776 584 860 615 clavo
886 584 1018 622 clavum,

137 627 318 667 ejiciendum
344 633 462 668 putant.
507 627 647 657 Maxime
673 633 775 657 autem
799 627 1019 664 admonendus,

135 676 268 711 quantus
284 671 321 701 sit
336 670 419 701 furor
434 670 552 700 amoris.
587 670 741 700 Omnibus
764 670 845 700 enim
866 680 903 700 ex
926 670 1021 700 animi

135 713 423 754 perturbationibus,
435 719 479 744 est
493 713 625 754 profecto
635 713 720 742 nulla
732 713 935 743 vehementior
948 724 955 742 :
972 718 1020 751 ut,

137 756 161 786 si
174 757 239 795 jam
255 757 320 797 ipsa
334 756 387 786 illa
402 766 539 786 accusare
554 756 641 793 nolis,
659 762 762 797 stupra
777 756 843 786 dico
854 761 883 786 et
898 765 1022 796 corrup-

137 799 211 829 telas
226 805 255 829 et
269 799 427 837 adulteria,
443 799 554 829 incesta
569 799 710 839 denique,
727 809 857 839 quorum
881 799 1020 828 omnium

136 842 311 872 accusabilis
327 849 370 872 est
385 841 560 882 turpitudo;
585 841 647 879 sed,
664 848 698 871 ut
712 842 776 871 haec
798 842 930 878 omittas,
954 852 1021 882 per-

136 885 268 915 turbatio
279 885 344 926 ipsa
358 885 467 915 mentis
478 885 510 914 in
525 895 626 915 amore
640 884 719 914 foeda
734 895 787 924 per
801 895 832 914 se
847 890 899 914 est.
924 885 1020 923 Nam,

137 934 172 958 ut
195 928 249 958 illa
265 934 451 969 praeteream,
471 938 540 968 quae
558 933 628 957 sunt
648 927 779 963 furoris3
802 927 867 957 haec
887 927 952 968 ipsa
968 938 1022 969 per

136 981 200 1001 sese
221 981 315 1011 quam
330 971 442 1001 habent
456 970 620 1009 levitatem,
642 981 711 1012 quae
726 970 866 1001 videntur
881 980 942 1001 esse
957 980 1021 1001 me-

136 1013 270 1045 diocria!

184 1098 559 1107 ..........................
572 1076 594 1093 “
605 1075 734 1114 injuriae,

181 1119 381 1159 Suspiciones,
398 1118 574 1156 inimicitiae,
591 1118 731 1154 induciae,

181 1161 317 1199 Bellum,
330 1172 391 1202 pax
407 1171 537 1191 rursum.
562 1161 682 1191 Incerta
696 1161 760 1191 haec
776 1161 800 1191 si
816 1166 850 1191 tu
866 1160 999 1202 postules

184 1204 314 1235 Ratione
329 1210 409 1234 certa
422 1203 530 1242 facere,
546 1204 642 1234 nihilo
657 1204 726 1244 plus
741 1214 822 1244 agas,

180 1246 285 1285 Quam
297 1247 322 1278 si
336 1247 387 1277 des
402 1257 536 1288 operam,
553 1253 588 1277 ut
603 1257 674 1277 cum
688 1247 802 1277 ratione
816 1246 981 1277 insanias.’·

141 1316 218 1348 Haec
232 1316 431 1347 inconstantia
444 1316 692 1358 mutabilitasque
706 1316 828 1353 mentis,
852 1326 944 1358 quem
962 1325 1025 1346 non

139 1360 206 1401 ipsa
227 1359 372 1400 pravitate
387 1359 556 1390 deterreat?
590 1359 647 1390 Est
670 1359 752 1390 enim
775 1359 864 1397 illud,
891 1359 974 1400 quod
993 1359 1024 1389 in

140 1403 226 1433 omni
240 1402 462 1443 perturbatione
477 1403 597 1440 dicitur,
613 1402 893 1440 demonstrandum,
906 1402 1025 1432 nullam

141 1456 203 1476 esse
223 1446 280 1476 nisi
295 1445 489 1486 opinabilem,
505 1446 563 1476 nisi
575 1445 689 1485 judicio
704 1450 884 1486 susceptam,
901 1445 959 1475 nisi
975 1455 1026 1476 vo-

140 1489 313 1519 luntariam.
337 1488 471 1526 Etenim,
489 1488 512 1518 si
524 1489 669 1519 naturalis
684 1498 769 1518 amor
780 1494 855 1518 esset
868 1499 877 1524 3
902 1494 932 1518 et
942 1498 1028 1518 ama-

140 1538 208 1562 rent
230 1541 345 1570 omneS,
361 1537 390 1562 et
408 1542 525 1572 semper
550 1536 696 1568 amarent,
714 1538 743 1562 et
765 1531 846 1561 idem
866 1536 1025 1567 amarent3

140 1584 240 1616 neque
260 1575 355 1605 alium
375 1575 483 1615 pudor,
496 1574 591 1605 alium
611 1574 763 1615 cogitatio,
779 1574 875 1604 alium
896 1573 1027 1611 satietas,

142 1618 312 1648 deterreret.

185 1661 346 1691 XXXVI.
370 1660 422 1691 Ira
437 1671 517 1698 vero,
534 1671 604 1692 cum
627 1660 679 1690 diu
702 1661 859 1701 perturbat
877 1659 1027 1698 animum,

141 1703 362 1734 dubitationem
377 1703 500 1734 insaniae
514 1713 575 1734 non
589 1703 700 1734 habet:
724 1704 812 1742 cujus
826 1702 962 1744 impulsu
977 1712 1030 1733 ex·

143 1746 221 1778 sistit
235 1747 327 1779 etiam
342 1746 420 1778 inter
434 1746 540 1778 fratres
554 1747 614 1778 tale
626 1746 782 1788 jurgium:
