1226 1935
212 68 272 98 166
331 67 454 100 TUSC.
471 67 644 106 QUAEST.
663 67 741 98 Lm.
759 67 806 98 ΙΙ.
823 66 906 98 Cn.
926 67 975 98 14.

209 153 324 191 omnia,
341 165 409 202 quae
423 160 531 184 natura
546 154 775 195 adspernetur7'
767 164 799 184 m
814 153 902 184 malis
922 163 1004 189 esse3
1029 162 1098 193 quae

210 196 388 235 adsciscat,
381 207 412 226 m
426 197 522 228 bonis.
547 198 616 228 Hoc
631 197 739 239 posito,
756 204 785 227 et
801 198 960 227 verborum
980 205 1098 226 concer-

210 240 322 269 tatione
344 241 473 278 sublata,
490 246 610 270 tantum
633 248 734 270 tamen
755 240 880 270 excellet
902 239 991 275 illud,
1015 237 1098 279 quod

211 288 289 312 recte
304 284 516 323 amplexantur
526 283 585 319 isti7
600 283 681 324 quod
693 283 864 318 honestum,
877 281 958 322 quod
970 288 1098 328 rectum,

210 326 294 365 quod
308 326 450 356 decorum
466 327 665 367 appellamus,
679 326 760 367 quod
775 325 855 355 idem
871 324 1023 354 interdum
1039 323 1099 353 vir-

211 368 284 398 tutis
299 369 422 399 nomine
436 369 658 410 amplectimur„
680 376 714 399 ut
736 368 839 399 omnia
858 374 1013 408 praeterea‚
1030 376 1099 407 quae

211 412 291 441 bona
306 412 435 452 corporis
450 419 480 442 et
494 412 622 442 fortuna)
637 418 794 452 putantur,
810 411 975 452 perexigua
990 416 1020 439 et
1041 409 1099 439 mi-

212 460 288 484 nuta
308 455 485 485 videantur:
510 465 548 485 ne
567 456 684 485 malum
708 454 831 495 quidem
851 454 963 491 ullum,
985 462 1050 489 nec,
1077 451 1101 482 si

211 496 244 526 in
260 507 356 527 unum
372 498 473 528 locum
488 498 598 528 collata
611 498 713 528 omnia
728 498 798 535 sint,
815 507 885 528 cum
904 494 1100 537 turpitudinis

212 540 294 569 malo
310 540 522 589 comparanda.

254 584 369 620 Quare,
387 583 422 621 51,
440 590 474 613 ut
488 583 574 613 initio
589 582 768 620 concessisti,
785 581 941 622 turpitudo
955 582 1042 621 pejus
1057 585 1101 610 est

210 636 305 666 quam
326 625 421 662 dolor,
443 626 520 656 nihil
540 632 584 656 est
603 626 693 666 plane
716 625 821 655 dolor:
845 634 929 661 nam,
951 624 1026 653 dum
1046 621 1103 653 tibi

211 674 299 708 turpe
323 678 377 698 nec
398 668 528 708 dignum
550 669 614 698 viro
634 668 796 705 videbitur,
818 677 948 708 gemere,
974 667 1099 705 ejulare,

209 711 382 747 lamentari,
404 711 516 752 frangi,
538 711 688 741 debilitari
708 711 832 747 dolore3
856 716 923 740 tum
946 709 1098 746 honestaS,

212 760 279 783 tum
295 754 437 794 dignitas,
463 761 531 784 tum
554 754 644 784 decus
669 754 784 784 aderit:
818 759 923 801 tuque,
949 752 982 783 in
1001 762 1036 782 ea
1054 751 1101 781 in-

212 802 310 833 tuens,
328 803 358 826 te
378 797 554 827 continebis.
577 797 672 827 Cedet
690 797 824 838 profecto
840 795 944 826 virtuti
959 795 1054 833 dolor,
1071 799 1102 824 et

211 839 307 869 animi
322 840 495 870 inductione
509 841 700 880 languescet:
726 845 779 870 aut
799 839 881 870 enim
901 838 987 868 nulla
1006 838 1102 867 virtus

212 888 267 920 est,
290 889 343 912 aut
363 883 600 914 contemnendus
618 883 715 913 omnis
737 882 831 913 dolor.
864 880 1104 912 Prudentiamne

212 925 257 955 vis
273 936 345 964 esse,
363 926 426 956 sine
441 938 503 967 qua
517 936 555 957 ne
569 926 698 966 intelligi
714 925 838 966 quidem
852 925 916 954 ulla
934 924 1028 955 virtus
1048 932 1102 963 po-

212 970 298 999 test?
322 969 407 1006 Quid
423 979 492 1010 ergo
505 980 558 1000 ea.
551 971 563 991 9
589 969 765 999 Patieturne
775 974 804 999 te
813 968 982 1009 quidquam
994 966 1102 1004 facere,

214 1011 294 1041 nihil
308 1012 525 1051 proficientem,
542 1018 571 1042 et
585 1012 793 1042 laborantem.
785 1013 799 1033 9
833 1011 888 1041 An
904 1009 1103 1050 temperantia

214 1054 292 1084 sinet
308 1060 336 1084 te
352 1055 548 1085 immoderate
563 1055 659 1085 facere
679 1055 874 1096 quidquam?
896 1054 950 1084 An
967 1052 1047 1083 coli'
1036 1062 1103 1091 Jus-

211 1097 278 1127 titia
293 1098 402 1145 poterit
417 1100 455 1128 ab
467 1098 589 1128 homine
600 1104 722 1138 propter
733 1098 794 1127 vim
807 1096 917 1126 doloris
927 1095 1104 1125 enuntiante

211 1141 381 1176 commissa,
398 1141 541 1181 prodente
557 1141 699 1177 conscios,
716 1141 814 1170 multa
824 1139 921 1170 officia
931 1138 1104 1186 relinquen-

211 1188 260 1213 te.
254 1185 266 1205 9
291 1183 395 1220 Quid.
389 1185 401 1203 9
426 1184 607 1221 tortitudini,
625 1164 846 1223 comitibusque
861 1183 937 1222 ejus,
948 1181 1104 1221 magnitu-

211 1225 276 1255 dini
296 1227 402 1263 animi,
426 1227 576 1266 gravitati,
596 1226 759 1267 patientiae,
776 1236 878 1256 rerum
898 1225 1104 1254 humanarum

211 1268 424 1309 despiciendae,
441 1280 502 1310 quo
516 1270 607 1299 modo
622 1269 834 1310 respondebis.
826 1270 839 1290 9
863 1267 1057 1305 Afflictusne,
1075 1272 1105 1297 et

209 1312 323 1350 jacens,
340 1318 369 1341 et
392 1312 580 1342 lamentabili
605 1323 674 1343 voce
698 1312 868 1352 deplorans,
891 1310 1005 1359 audies,
1033 1312 1055 1327 “
1072 1309 1102 1340 O

211 1355 310 1384 virum
327 1355 454 1385 fortem.
447 1356 483 1377 9”
508 1356 555 1385 re
571 1366 640 1385 vero
654 1355 696 1385 ita
710 1355 827 1385 aflectu
820 1365 852 1384 m
867 1364 905 1383 ne
920 1353 1020 1384 virum
1035 1352 1104 1393 qui-

211 1397 283 1427 dem
304 1397 413 1427 dixerit
439 1398 611 1439 quisquam.
644 1397 827 1428 Amittenda
847 1397 940 1438 igitur
957 1395 1104 1426 fortitudo

215 1446 269 1477 est,
287 1446 339 1469 aut
354 1441 542 1480 sepeliendus
557 1442 651 1471 dolor.

256 1483 350 1513 XIV.
375 1484 496 1524 Ecquid
522 1485 576 1514 scis
602 1484 705 1524 igitur,
731 1483 756 1513 si
780 1482 855 1524 quid
880 1482 918 1512 de
938 1481 1103 1513 Corinthiis

212 1526 272 1555 tuis
296 1526 441 1564 amiseris,
469 1537 554 1566 posse
580 1527 690 1557 habere
708 1532 737 1556 te
756 1527 904 1566 reliquam
934 1525 1104 1565 supelleeti-

211 1569 273 1599 lem
289 1569 402 1599 salvam
416 1580 424 1605 3
450 1570 592 1599 virtutem
604 1576 706 1599 autem
725 1569 749 1599 si
764 1579 858 1599 unam
873 1568 1018 1605 amiseris,
1035 1567 1104 1601 (etsi

212 1612 311 1641 amitti
328 1621 387 1642 non
403 1618 499 1653 potest
516 1613 621 1649 virtus)
636 1613 686 1643 sed
702 1613 725 1642 si
741 1622 835 1641 unam
847 1612 998 1641 confessus
1009 1610 1102 1640 fueris

213 1660 242 1684 te
257 1665 317 1684 non
333 1654 453 1692 habere⁷
471 1656 587 1685 nullam
601 1662 630 1685 te
642 1666 702 1686 esse
714 1655 891 1685 habiturum
906 1656 919 1685 ?
944 1654 1031 1684 Num
1044 1653 1102 1693 igi-

211 1703 262 1727 tur
276 1697 384 1727 fortem
400 1698 511 1736 virum‚
529 1708 603 1728 1111111
619 1708 731 1739 magno
752 1698 865 1734 animo,
887 1707 963 1727 num
983 1697 1100 1737 patien-

210 1746 283 1778 tem,
308 1751 383 1771 num
413 1752 547 1781 gravem,
575 1751 651 1772 num
677 1742 812 1772 humana
841 1746 1097 1776 contemnentem,
