1226 1935
225 81 284 111 132
354 82 479 113 TUSC.
496 82 668 121 QUAEST.
686 82 765 114 Lm.
783 82 809 114 Ι.
827 83 910 114 ΟΑΡ.
924 85 975 115 29.

216 167 344 207 rigeant,
358 174 411 199 aut
425 175 553 199 urantur
576 169 693 205 calore;
717 169 769 200 hic
787 175 900 208 autem,
916 169 969 200 ubi
987 169 1106 201 habita-

214 220 294 248 mus,
312 221 373 241 non
389 212 574 249 intermittit,
592 223 646 243 suo
660 219 806 253 tempore,

260 271 281 287 “
299 269 418 300 Coelum
434 271 598 309 mitescere,
616 272 735 301 arbores
750 270 947 309 frondescere,

259 312 346 343 Vites
361 313 487 344 laetificae
502 314 654 354 pampinis
670 316 841 354 pubescere,

260 355 353 385 Rami
369 357 530 386 baccarum
547 358 681 386 ubertate
696 357 910 395 incurvescere,

260 398 380 438 Segetes
395 399 498 439 largiri
513 399 626 439 fruges,
643 399 746 429 florere
762 399 874 435 omnia,

261 441 373 471 Fontes
389 448 510 480 scatere,
527 442 627 472 herbis
642 448 728 482 prata
743 442 932 472 convestirier
943 442 977 479 3³⁹

218 515 284 540 tum
300 511 528 540 multitudinem
544 511 708 551 pecudum,
724 511 835 551 partim
851 511 889 540 ad
910 512 1102 551 vescendum,

216 553 328 593 partim
352 554 391 583 ad
413 554 512 584 cultus
538 564 691 593 agrorum,
719 554 829 594 partim
854 554 893 583 ad
919 555 1102 603 vehendum,

215 596 327 636 partim
352 596 389 626 ad
414 607 537 636 corpora
563 596 736 632 vestienda3
761 596 978 645 hominemque
1000 597 1101 637 ipsum

215 639 302 678 quasi
323 640 591 679 contemplatorem
612 639 677 669 coeli
689 650 723 669 ac
742 639 915 677 Deorum,
907 650 1104 681 ipsorumque

213 681 382 711 cultorem·
374 693 382 717 ;
413 688 503 722 atque
529 682 659 712 hominis
685 682 809 712 utilitati
833 692 920 721 agros
945 692 1049 713 omnes
1073 690 1103 713 et

218 724 314 754 maria
329 725 485 765 parentia3

258 767 386 798 XXIX.
411 768 475 798 haec
498 768 602 808 igitur,
628 774 657 798 et
680 767 740 798 alia
764 768 1008 806 innumerabilia,
1030 779 1100 799 cum

213 810 374 846 cernimus,
391 821 590 850 possumusne
608 811 756 848 dubitare,
774 811 848 851 quin
868 811 915 840 his
930 811 1031 851 praesit
1045 812 1101 841 ali-

213 853 281 893 quis
298 854 345 883 vel
360 853 489 891 effector,
507 854 531 884 si
546 854 610 884 haec
628 860 699 884 nata
717 859 787 883 sunt
810 856 858 887 (ut
877 854 998 883 Platoni
1017 855 1100 885 vide-

214 902 288 932 tur),
309 897 367 932 vel,
395 896 420 926 si
444 907 561 937 semper
586 897 698 927 fuerint
724 899 772 930 (ut
795 897 952 926 Aristoteli
976 897 1099 937 placet),

212 938 381 969 moderator
396 940 472 969 tanti
488 940 584 980 operis
596 946 624 970 et
640 939 797 969 muneris?
833 939 881 969 Sic
896 945 1029 969 mentem
1045 940 1101 970 ho-

211 981 312 1018 minis,
325 982 463 1022 quamvis
476 993 542 1012 eam
559 992 619 1013 non
632 983 743 1019 videas,
756 988 791 1011 ut
803 981 907 1012 Deum
920 991 980 1011 non
996 982 1077 1013 vides
1088 994 1098 1019 ς

211 1030 313 1055 tamen
332 1031 366 1054 ut
389 1025 493 1055 Deum
517 1026 652 1066 agnoscis
676 1035 713 1055 ex
738 1025 877 1065 operibus
900 1025 976 1063 ejus,
993 1025 1045 1062 sic,
1062 1036 1100 1056 ex

210 1068 358 1098 memori-21
381 1078 494 1104 rerum,
512 1075 541 1098 et
564 1069 746 1105 inventione,
767 1073 796 1097 et
818 1067 967 1097 celeritate
987 1070 1098 1107 motus,

208 1111 352 1151 omnique
367 1111 592 1151 pulchritudine
608 1111 737 1149 virtutis,
754 1110 816 1141 vim
836 1109 970 1140 divinam
991 1112 1102 1142 mentis

212 1154 374 1194 agnoscito.

254 1196 292 1226 In
308 1208 369 1238 quo
384 1197 477 1237 igitur
491 1198 556 1227 loco
571 1203 615 1228 est
628 1199 641 1228 Ρ
666 1197 764 1228 Credo
779 1196 920 1237 equidem
932 1196 963 1226 in
979 1197 1076 1238 capite
1086 1209 1096 1228 ε

211 1245 249 1277 et,
267 1250 320 1269 cur
335 1240 466 1278 credam,
483 1241 587 1271 afferre
602 1250 744 1281 possum:
769 1240 820 1270 sed
836 1239 927 1269 alias:
952 1249 1033 1270 nunc
1045 1242 1100 1271 ubi

210 1282 264 1312 ubi
285 1283 322 1312 sit
343 1283 474 1320 animus,
491 1290 569 1313 certe
591 1284 715 1324 quidem
736 1283 767 1312 in
790 1288 820 1312 te
835 1288 887 1312 est.
917 1282 998 1320 Quae
1012 1289 1056 1313 est
1070 1284 1098 1314 ei

211 1328 344 1356 natura?
370 1326 497 1366 Propria
513 1329 626 1366 (puto),
637 1333 666 1357 et
681 1336 735 1357 sua
748 1337 755 1356 :
780 1325 832 1356 sed
847 1325 893 1355 fac
909 1325 1040 1365 igneam,
1051 1326 1099 1357 fac

210 1368 383 1408 spirabilem
397 1380 406 1404 ς
431 1369 507 1399 nihil
523 1369 561 1399 ad
576 1369 618 1407 id,
635 1369 673 1399 de
687 1380 748 1410 quo
760 1368 887 1408 agimus.
913 1368 996 1398 Illud
1008 1369 1100 1400 modo

211 1411 321 1449 videto,
338 1418 372 1441 ut
387 1411 491 1442 Deum
509 1412 601 1448 notis,
622 1413 676 1442 etsi
696 1413 814 1452 ignores
835 1418 864 1441 et
885 1411 986 1441 locum
1005 1418 1035 1442 et
1054 1412 1100 1442 fa-

211 1454 299 1491 ciem,
324 1454 365 1484 sic
387 1455 525 1485 animum
548 1455 603 1485 tibi
624 1462 713 1485 tuum
734 1460 841 1484 notum
867 1464 928 1484 esse
949 1460 1096 1494 oportere,

211 1497 302 1526 etiam
319 1497 342 1527 si
358 1498 423 1537 ejus
434 1498 555 1545 ignores
571 1504 600 1528 et
615 1498 715 1528 locum
732 1504 760 1528 et
775 1497 914 1527 formam
948 1497 987 1526 In
1002 1497 1097 1527 animi

211 1545 314 1569 autem
330 1540 511 1580 cognitione,
528 1541 666 1571 dubitare
682 1550 742 1571 non
758 1550 929 1581 possumus,
942 1540 999 1570 nisi
1008 1541 1098 1588 plane

212 1581 243 1611 in
259 1582 391 1623 physicis
403 1583 540 1623 plumbei
555 1594 671 1621 sumus,
688 1583 762 1625 quin
778 1583 855 1613 nihil
870 1583 907 1612 sit
922 1582 1031 1613 animis
1045 1584 1099 1614 ad-

212 1624 357 1664 mixtum,
385 1626 461 1656 nihil
488 1633 671 1663 concretum,
703 1626 780 1656 nihil
805 1625 992 1666 copulatum,
1020 1626 1097 1658 nihil

211 1674 470 1717 coagmentatum,⁴
498 1669 575 1699 nihil
601 1669 724 1710 duplex.
758 1668 851 1706 Quod
877 1678 947 1698 cum
976 1668 1018 1698 ita
1047 1669 1096 1708 sit,

210 1716 288 1740 certe
298 1720 351 1741 nec
361 1712 484 1748 secerni,
496 1721 550 1742 nec
561 1712 666 1749 dividi,
678 1722 732 1742 nec
744 1711 881 1752 discerpi,
896 1720 950 1740 nec
959 1710 1096 1750 distrahi,

213 1759 329 1793 potest3
355 1764 409 1786 nec
423 1754 544 1786 interire
558 1755 672 1796 igitur:
697 1761 741 1787 est
756 1755 838 1786 enim
854 1753 993 1785 interitus
1013 1756 1099 1796 quasi
