1180 1935
165 20 227 53 DE
251 21 358 54 NAT.
383 21 520 54 DEOR.
544 21 623 54 Lm.
642 20 707 53 111.
725 21 809 53 Car.
828 21 876 51 16.
901 21 964 52 413

79 106 194 138 ratione
204 108 219 138 ἶ)
241 108 315 150 quid
329 109 530 149 intelligentia
541 111 555 140 ‚⁹
587 109 698 150 quibus
712 108 828 139 utimur
842 107 881 138 ad
896 117 963 138 eam

78 161 154 189 rem,
171 159 206 182 ut
220 152 329 192 apertis
349 154 475 183 obscura
497 162 702 192 assequamur.
734 154 781 181 At
800 153 962 182 obscurum

79 193 147 224 Deo
162 194 238 224 nihil
253 201 349 235 potest
364 206 435 226 esse.
469 196 552 225 Nam
565 195 693 234 justitia,
711 205 779 235 quae
794 204 884 224 suum
900 194 964 224 cui-

77 247 138 277 que
159 237 322 274 distribuit,
349 238 423 279 quid
445 239 572 279 pertinet
594 238 632 267 ad
656 237 737 267 Deos
752 240 765 267 1³
791 237 963 267 Hominum

78 280 159 309 enim
175 280 307 318 societas,
321 287 349 311 et
364 282 576 317 communitas,
586 287 621 310 ut
633 291 684 310 vos
694 280 801 315 dicitis,
813 280 962 318 justitiam

76 323 251 362 procreavit.
283 324 500 364 Temperantia
521 330 623 354 autem
645 329 760 353 constat
782 333 819 352 ex
842 328 963 362 praeter-

76 365 231 396 mittendis
247 367 453 407 voluptatibus
468 367 619 407 corporis;
643 366 691 396 cui
707 366 730 395 si
746 366 828 395 locus
843 365 874 394 in
890 365 963 395 coelo

77 413 132 446 est,
150 415 194 439 est
208 409 297 440 etiam
314 410 527 451 voluptatibus.
553 410 636 439 Nam
652 409 736 439 fortis
753 408 837 438 Deus
853 408 964 437 intelli-

75 450 108 491 gi
120 452 173 492 qui
183 457 280 492 potest
293 454 306 482 ?
317 453 349 482 in
361 453 473 491 dolore,
485 463 521 483 an
535 452 566 482 in
576 453 687 487 labore,
701 457 754 481 aut
763 452 794 480 in
805 451 937 491 periculo
946 453 961 480 Ρ

76 504 208 534 quorum
236 494 339 525 Deum
365 495 441 525 nihil
468 495 597 535 attingit.
638 495 705 524 Nee
731 494 846 524 ratione
870 493 964 533 igitur

76 542 224 575 utentem,
246 547 301 568 nec
320 538 431 569 virtute
450 538 515 568 ulla
534 537 708 579 praeditum,
725 537 830 567 Deum
851 536 963 566 intelli-

75 589 146 620 gere
160 581 215 620 qui
230 591 390 620 possumus
401 583 415 612 ?

118 622 187 653 Nec
202 633 271 653 vero
292 623 376 664 vulgi
398 630 489 665 atque
508 624 718 665 imperitorum
738 622 888 653 inscitiam
911 622 963 652 de-

75 664 189 706 spicere
210 676 344 707 possum,
368 677 438 697 cum
461 677 496 697 ea
519 667 683 704 considero,
700 677 768 707 quae
783 666 925 696 dicuntur
945 676 964 695 a

75 708 204 739 Stoicis:
229 715 300 740 sunt
321 710 402 740 enim
425 710 479 740 illa
500 710 719 751 imperitorum.
753 709 870 739 Piscem
894 708 962 748 Syri

75 758 277 782 venerantur:
312 762 402 783 omne
428 753 489 783 fere
511 763 607 793 genus
630 752 793 783 bestiarum
820 751 962 791 AEgyptii

74 801 330 825 consecraverunt.
358 796 380 826 J
384 806 434 826 am
449 806 519 826 vero
534 796 565 825 in
583 795 701 826 Graecia
721 795 833 825 multos
847 795 961 824 habent

76 847 115 867 ex
130 837 305 869 hominibus
319 838 401 869 Deos
412 850 422 875 ;
446 839 647 869 Alabandum
659 838 836 873 Alabandi;
860 837 961 866 Tene-

74 879 118 909 dii
133 880 251 911 Tenem
264 892 274 917 ς
298 881 516 919 Leucotheam,
533 893 601 923 quae
616 882 676 911 fuit
692 880 760 920 Ino,
778 887 807 910 et
823 881 887 920 ejus
901 880 961 909 Pa-

73 922 235 957 laemonem
248 924 357 961 filium,
374 931 481 955 cuncta
493 925 611 955 Graecia
623 936 632 959 ς
657 924 836 961 Herculem,
850 923 962 953 [Esou-

74 965 203 1006 lapium,
239 967 451 1008 Tyndaridas:
490 968 661 998 Romulum
691 967 795 1004 nostri,
827 966 961 1006 aliosque

73 1010 255 1050 complures,
279 1021 366 1051 quos,
387 1011 474 1052 quasi
494 1021 586 1041 novos
605 1017 634 1041 et
654 1009 855 1050 adscripticios
870 1009 959 1047 cives,

74 1051 107 1081 in
122 1053 230 1082 coelum
246 1059 377 1094 receptos
391 1060 510 1094 putant.
536 1054 612 1084 Haec
626 1054 719 1094 igitur
733 1052 855 1082 indocti.

116 1095 210 1125 XVI.
234 1095 319 1133 Quid
334 1106 386 1126 vos
397 1097 568 1138 philosophi
580 1099 594 1128 ?
617 1098 671 1137 qui
682 1096 832 1126 meliora?
856 1094 959 1125 Omit-

74 1143 106 1168 to
131 1138 203 1168 illa:
227 1145 298 1168 sunt
323 1139 404 1169 enim
427 1140 579 1180 praeclara.
618 1140 664 1170 Sit
687 1149 758 1170 sane
784 1138 870 1168 Deus
895 1137 960 1179 ipse

74 1181 220 1211 mundus.
245 1182 316 1212 Hoc
330 1182 417 1213 credo
431 1183 508 1213 illud
524 1193 588 1213 esse

108 1240 131 1257 “
142 1239 281 1271 Sublime
292 1240 433 1280 candens,
446 1252 537 1283 quem
550 1241 690 1272 invocant
699 1250 803 1272 omnes
813 1239 838 1270 J
839 1238 960 1270 ovem.''

68 1311 177 1350 Quare
190 1312 284 1354 igitur
297 1314 399 1355 plures
413 1314 609 1355 adjungimus
624 1313 707 1344 Deos
718 1315 732 1344 ?
768 1317 881 1354 quanta
904 1322 959 1341 au-

71 1360 135 1385 tem
151 1362 194 1386 est
209 1366 312 1387 eorum
328 1357 494 1388 multitudo
507 1360 520 1388 :³
545 1357 628 1387 Mihi
643 1356 767 1398 quidem
783 1366 853 1386 sane
868 1354 958 1384 multi

72 1398 233 1429 videntur:
258 1400 391 1441 singulas
407 1401 488 1430 enim
504 1401 603 1430 stellas
613 1410 754 1430 numeras
767 1399 849 1429 Deos
862 1409 871 1434 ;
896 1407 958 1427 eos-

64 1451 132 1481 que
147 1448 200 1471 aut
221 1443 392 1473 belluarum
407 1444 529 1474 nomine
548 1443 692 1484 appellas,
709 1449 743 1473 ut
759 1443 902 1482 Capram,
924 1445 960 1469 ut

74 1483 208 1525 Nepam,
224 1492 258 1516 ut
273 1486 425 1524 Taurum,
442 1493 478 1517 ut
494 1487 628 1517 Leonem
642 1497 652 1521 ς
676 1492 729 1516 aut
744 1495 845 1515 rerum
860 1482 958 1513 inani-

72 1532 236 1565 matarum,
248 1535 284 1559 ut
298 1530 397 1570 Argo,
414 1536 448 1559 ut
457 1530 568 1567 Aram,
586 1536 620 1559 ut
636 1529 797 1559 Coronam.

115 1570 186 1608 Sed,
202 1578 237 1601 ut
250 1571 314 1602 haec
329 1572 540 1608 concedantur,
556 1572 673 1612 reliqua
688 1573 742 1612 qui
759 1570 880 1601 tandem
895 1577 955 1598 non

69 1612 164 1643 :modo
178 1614 310 1651 concedi,
327 1615 378 1645 sed
398 1616 522 1646 omnino
542 1615 670 1655 intelligi
690 1614 840 1655 possunt?
873 1612 954 1641 Cum

71 1655 186 1696 fruges,
207 1659 370 1694 Cererem,-
395 1659 511 1695 vinum,
530 1660 677 1688 Liberum
693 1657 831 1694 dicimus,
847 1663 955 1695 genere

73 1708 128 1730 nos
150 1699 273 1741 quidem
299 1702 443 1733 sermonis
465 1702 581 1733 utimur
603 1701 734 1731 usitato:
758 1700 809 1731 sed
829 1706 954 1738 ecquem

601 1745 620 1774 2
638 1752 660 1773 N
677 1744 697 1773 3
