1226 1935
212 82 275 113 246
327 80 450 112 TUSC.
468 81 639 120 QUAEST.
657 80 736 111 Lm.
753 80 813 111 IV.
826 80 910 112 CAP.
926 81 978 112 34.

212 178 285 198 nam
303 167 503 198 Anacreontis
525 166 650 208 quidem
672 173 734 198 tota
755 166 853 207 poe'sis
875 172 920 197 est
941 166 1096 197 amatoria.

213 210 355 241 Maxime
377 220 446 241 vero
468 210 608 240 omnium
631 209 772 251 flagrasse
794 220 895 240 amore
919 210 1097 251 Rheginum

215 254 358 294 Ibycum,
375 259 500 294 apparet
512 263 549 283 ex
565 253 691 293 scriptis.

257 297 420 326 XXXIV.
443 297 549 337 Atque
564 295 674 326 horum
689 296 827 326 omnium
842 295 1017 326 libidinosos
1037 305 1099 325 esse

213 350 331 369 amores
347 339 494 370 videmus.
520 339 696 380 Philosophi
712 349 817 369 sumus
832 338 928 368 exorti
939 341 982 372 (et
996 345 1100 368 aucto·

213 393 245 412 re
260 382 383 423 quidem
400 388 501 412 nostro
512 382 650 420 Platone,
664 392 754 422 quem
771 391 831 411 non
844 381 956 420 injurie
966 381 1100 411 Dicaear-

214 425 289 455 chus
304 430 448 463 accusat),
471 425 524 465 qui
540 424 635 454 amori
658 425 866 454 auctoritatem
889 424 1100 454 tribueremus.

215 468 308 498 Stoici
324 478 393 498 vero
409 473 437 498 et
460 468 626 508 sapientem
646 474 819 497 amaturum
841 478 902 497 esse
924 467 1047 501 dicunt3
1073 471 1102 496 et

215 521 349 541 amorem
371 511 484 551 ipsum,
510 516 651 540 conatum
667 510 806 540 amicitiae
821 509 963 540 faciendae
979 520 1016 539 ex
1032 509 1101 549 pul-

218 553 396 584 chritudinis
407 553 513 594 specie,
527 552 684 582 definiunt.
708 552 772 590 Qui
788 552 812 581 si
824 553 892 593 quis
904 558 947 582 est
958 552 989 581 in
1001 561 1101 581 rerum

217 597 327 626 natur&
346 596 409 626 sine
431 595 642 633 sollicitudine,
666 595 729 625 sine
752 595 907 632 desiderio,
935 595 998 625 sine
1018 594 1101 632 cul-31,

219 639 281 669 sine
297 639 444 679 suspirio;
469 638 507 668 sit
530 648 618 668 sane:
644 644 728 668 vacat
750 638 831 668 enim
855 638 938 667 omni
956 637 1100 667 libidine:

219 682 283 712 haec
298 688 400 711 autem
416 681 453 711 de
468 681 593 711 libidine
608 681 701 711 oratio
717 687 768 710 est.
804 681 858 711 Sin
874 687 975 710 autem
991 686 1035 710 est
1049 680 1104 710 ali-

220 725 287 765 quis
311 735 407 761 amor,
429 730 463 754 ut
487 730 529 754 est
556 729 645 760 certe,
673 724 726 764 qui
748 723 823 753 nihil
850 724 938 761 absit,
962 729 1016 753 aut
1042 732 1104 753 non

221 768 368 805 multum,
381 769 419 797 ab
435 767 562 804 insanin,
573 767 671 807 qualis
685 767 716 796 in
734 766 887 797 Leucadia
899 773 941 796 est
953 778 960 796 :

265 840 287 856 “
304 838 336 869 Si
362 837 485 878 quidem
511 838 548 867 sit
574 837 736 878 quisquam
764 836 860 874 Deus,
888 836 937 866 cui
961 845 1017 876 ego
1046 835 1103 866 sim

349 881 472 911 curae:”

220 958 265 990 (at
280 956 311 986 id
326 962 389 986 erat
404 956 479 986 Deis
494 956 636 987 omnibus
652 956 832 994 curandum,
845 955 1106 998 quemadmodum

220 999 269 1029 hic
285 999 435 1029 frueretur
450 1000 604 1040 voluptate
619 998 764 1030 amatori-'i
779 999 802 1037 ἔ)

265 1074 287 1089 “
305 1071 377 1101 Heu
393 1081 442 1101 me
457 1070 609 1101 infelicem
622 1071 655 1101 !''

223 1146 312 1177 Nihil
328 1146 435 1176 verius.
461 1146 561 1177 Probe
576 1151 605 1177 et
619 1146 681 1185 ine,

267 1217 289 1234 “
301 1216 438 1246 Sanusne
453 1227 494 1253 es,
511 1216 565 1257 qui
581 1222 692 1247 temere
706 1217 871 1246 lamentare
882 1215 918 1247 ?''

222 1285 273 1358 Sfiffq
289 1285 413 1349 ins'anus
434 1285 551 1317 videtut
573 1286 664 1317 etiam
685 1286 756 1317 suis.
788 1284 835 1317 At
855 1296 931 1327 quas
951 1284 1109 1327 ttagoedias

225 1339 240 1359 e
275 1334 316 1359 (ιη
330 1353 338 1359 .

267 1389 290 1406 “
301 1388 359 1427 Te,
373 1387 488 1429 Apollo
501 1396 612 1427 sancte,
628 1389 673 1420 fer
686 1399 787 1431 opem,
803 1394 904 1430 teque,
920 1388 1111 1430 omnipotens

353 1432 508 1472 Neptune,
525 1433 631 1463 invoco
642 1443 652 1468 ς

310 1474 437 1515 Vosque
452 1475 538 1513 adeo,
555 1476 670 1506 venti.''

225 1543 384 1574 Mundum
400 1550 498 1574 totum
511 1555 552 1581 se,
569 1545 606 1575 ad
619 1555 753 1575 amorem
769 1555 860 1575 suum
876 1543 1109 1580 sublevandum,

224 1597 439 1617 conversurum
463 1594 569 1628 putat:
609 1588 761 1619 Venerem
787 1598 880 1618 unam
905 1587 1050 1626 excludit,
1076 1591 1113 1618 ut

224 1640 364 1670 1n1quam
377 1641 386 1659 ε

269 1692 291 1708 “
309 1691 394 1720 Nam
409 1690 482 1732 quid
498 1701 553 1731 ego
569 1697 598 1722 te
613 1692 776 1732 appellem,
794 1691 901 1722 Venus
914 1691 951 1722 ?''

224 1760 317 1799 Eam,
338 1771 401 1803 prae
416 1761 551 1802 libidine,
576 1767 666 1804 negat
687 1773 790 1795 curare
811 1761 1000 1804 quidquam:
1025 1759 1112 1802 quasi

1220 1833 1223 1895 .--
1219 1762 1222 1820 β.-
1217 1570 1222 1747 .-ρ-ῄᾱ,
1213 1262 1220 1560 ῄ--ῇ
