1180 1935
185 39 247 72 DE
271 40 379 72 ΝΑΤ.
396 39 533 73 ΒΕΟΒ.
550 39 629 71 Lm.
644 39 709 71 ΙΙΙ.
726 39 809 72 cst.
823 40 852 71 2.
898 41 957 72 401

68 135 145 167 pere
166 135 323 167 pugnare:
345 125 557 158 tantummodo
580 135 689 167 negare
712 126 795 157 Deos
817 136 880 157 esse
897 135 958 157 non

71 169 176 207 audet,
198 179 236 199 ne
257 169 331 210 quid
351 169 472 200 invidiae
491 171 606 206 subeat,
627 176 680 199 aut
699 169 842 199 criminis.
876 169 958 200 Cum

72 221 142 242 vero
157 212 239 242 Deos
254 213 331 242 nihil
345 223 443 253 agere,
459 213 535 242 nihil
550 222 664 249 curare,
677 213 845 250 confirmat,
861 221 959 243 mem-

71 255 193 295 brisque
207 255 350 285 humanis
365 266 427 286 esse
442 255 592 296 praeditos,
609 255 660 285 sed
680 265 783 285 eorum
805 257 958 285 membro-

70 307 139 327 rum
157 307 246 327 usum
261 298 382 328 nullum
403 298 534 333 habere3
558 298 661 327 ludere
682 297 810 335 videtur,
827 298 958 339 satisque

69 346 187 380 putare,
203 340 228 370 si
243 340 363 378 dixerit,
380 351 442 371 esse
457 340 622 382 quamdam
637 341 756 370 beatam
771 346 912 370 naturam
928 347 958 371 et

68 389 222 413 aeternam.
259 383 292 412 A
312 384 412 414 Balbo
432 390 546 421 autem,
567 383 815 420 animadvertisti,
841 383 955 419 (credo)

67 435 162 466 quam
184 425 282 455 multa
303 426 384 456 dicta
406 427 476 464 sint,
504 436 670 466 quamque,
693 426 784 456 etiam
807 425 832 455 si
854 426 956 456 minus

67 478 148 506 vera,
165 475 267 498 tamen
283 476 354 509 apta
368 469 445 499 inter
459 480 489 499 se
509 475 538 499 et
558 468 744 499 cohaerentia.
777 468 887 508 Itaque
906 479 956 499 co-

66 511 141 551 gito,
167 514 216 545 (ut
239 511 316 549 dixi)
340 522 400 542 non
427 518 491 542 tam
519 511 653 542 refellere
681 512 746 550 ejus
774 512 954 550 orationem,

65 564 160 594 quam
186 565 232 589 ea,
257 565 326 595 quae
349 555 451 585 minus
474 554 620 592 intellexi,
645 554 803 595 requirere.
835 553 953 592 Quare,

65 596 175 633 Balbe,
200 597 255 627 tibi
278 598 431 638 permitto,
456 597 673 638 responderene
695 597 772 626 mihi
796 597 895 633 malis,
915 597 954 627 de

65 639 191 679 singulis
206 641 295 670 rebus
315 640 462 681 quaerenti
482 650 519 670 ex
534 646 564 670 te
579 650 613 670 ea
631 650 700 680 quae
714 650 823 680 parum
838 640 950 680 accepi,

63 692 103 712 an
118 682 290 713 universam
304 683 410 713 audire
424 683 589 714 orationem
604 692 715 712 meam.

107 725 193 755 Tum
214 726 352 756 Balbus:
376 726 451 766 Ego
469 736 550 763 νει-ο,
575 726 600 756 si
623 725 698 766 quid
721 725 877 766 explanari
897 725 953 756 tibi

63 768 154 805 voles,
171 769 348 809 respondere
363 769 463 799 malo:
489 768 534 799 sin
548 779 598 798 me
610 769 803 808 interrogare,
816 778 876 798 non
887 774 951 798 tam

62 810 251 851 intelligendi
277 812 377 850 causa,
405 821 499 852 quam
524 811 702 848 refellendi;
726 817 830 841 utrum
856 811 949 849 voles,

60 853 190 884 faciam:
214 854 263 884 vel
277 854 316 884 ad
331 855 461 895 singula,
474 865 543 895 quae
554 854 698 895 requires,
714 854 816 884 statim
828 864 951 895 respon-

61 895 158 926 debo·
148 919 158 932 ,
183 897 241 934 vel,
258 907 328 927 curn
343 897 501 938 peroraris,
516 897 556 927 ad
571 897 683 927 omnia.

106 940 152 969 ΙΙ.
175 939 261 970 Tum
277 940 378 977 Cotta,
395 940 533 980 Optime,
548 940 658 981 inquit.
683 939 892 978 Quamobrem
907 939 950 970 sic

60 991 199 1023 agamus,
215 989 250 1013 ut
265 993 318 1013 nos
333 983 399 1024 ipsa
412 983 495 1013 ducit
509 983 612 1013 oratio.
645 983 716 1021 Sed,
732 989 896 1023 antequam
912 983 950 1013 de

59 1035 103 1062 re,
119 1035 216 1066 pauca
229 1025 267 1056 de
281 1037 340 1056 me.
366 1026 439 1056 Non
451 1026 533 1056 enim
541 1025 730 1056 mediocriter
741 1036 863 1056 moveor
876 1035 950 1056 auc-

59 1068 179 1098 toritate
193 1069 259 1107 tufi,
274 1069 384 1106 Balbe,
400 1069 602 1117 orationeque
614 1069 660 1106 ea,
678 1079 746 1109 quae
768 1079 818 1099 me
833 1068 865 1098 in
880 1078 949 1109 per-

59 1111 173 1141 orando
191 1111 414 1151 cohortabatur,
429 1117 464 1142 ut
478 1112 695 1149 meminissem,
711 1122 761 1142 me
781 1118 810 1142 et
825 1111 948 1142 Cottam

59 1164 122 1186 esse
142 1159 171 1184 et
191 1154 386 1195 pontificem.
411 1154 493 1196 quod
508 1165 542 1185 eo
559 1154 672 1192 (credo)
686 1155 817 1191 valebat,
833 1160 869 1184 ut
883 1154 950 1195 opi-

58 1197 174 1234 niones,
190 1208 266 1238 quas
281 1208 300 1228 a
318 1198 484 1237 majoribus
499 1198 669 1238 accepimus
684 1197 721 1227 de
737 1196 829 1227 Diis
821 1207 948 1227 111111101-

57 1240 180 1278 talibus,
191 1251 285 1279 sacra,
296 1241 492 1278 caerimonias,
502 1240 733 1281 religionesque,
744 1240 946 1270 defenderem.

57 1282 128 1323 Ego
143 1293 212 1313 vero
227 1294 276 1314 eas
291 1284 452 1314 defendam
467 1293 596 1324 semper,
612 1293 790 1324 semperque
805 1282 948 1313 defendi.

57 1335 113 1356 nec
126 1336 176 1356 me
192 1336 230 1356 ex
245 1337 280 1357 ea
295 1327 446 1368 opinione,
463 1337 556 1368 quam
572 1337 590 1356 a
604 1326 770 1365 majoribus
790 1326 890 1374 accepi
911 1326 949 1356 de

56 1369 140 1399 cultu
148 1369 285 1400 Deorum
296 1370 528 1407 immortalium,
535 1369 628 1399 ullius
637 1379 776 1410 unquam
788 1369 882 1399 oratio
894 1375 949 1399 aut

58 1411 138 1441 docti
164 1418 218 1442 aut
239 1412 353 1443 indocti
377 1413 520 1443 movebit.
556 1412 626 1449 Sed,
652 1422 724 1442 cum
747 1412 785 1442 de
804 1411 948 1452 religione

58 1454 169 1495 agitur,
186 1455 237 1484 Ti.
254 1455 493 1493 Coruncanium,
515 1455 552 1485 P.
574 1455 758 1495 Scipionem,
779 1455 815 1484 P.
832 1455 951 1485 Scaevo-

57 1497 133 1535 lam,
149 1498 305 1538 pontifices
325 1499 487 1537 maximos,
503 1508 565 1528 non
580 1498 748 1535 Zenonem,
764 1504 818 1527 aut
838 1497 949 1528 Clean-

57 1540 153 1578 them,
175 1547 229 1570 aut
249 1540 468 1582 Chrysippum,
490 1551 617 1582 sequor:
641 1541 798 1581 habeoque
819 1540 855 1570 C.
878 1540 949 1570 Lae-

56 1583 135 1612 lium
150 1594 310 1623 augurem,
327 1584 530 1624 eumdemque
545 1584 722 1624 sapientem,
740 1593 831 1624 quem
847 1583 949 1623 potius

55 1625 180 1656 audiam
196 1626 233 1656 de
248 1626 392 1667 relig-ione
407 1626 580 1657 dicentem
572 1637 604 1656 111
620 1626 674 1656 illi:
689 1627 824 1657 oratione
838 1626 946 1664 nobili,

56 1679 152 1709 quam
174 1679 363 1710 quemquam
388 1670 556 1711 principem
585 1670 765 1700 Stoicorum.
804 1669 948 1717 Cumque

57 1711 156 1742 omnis
170 1712 276 1754 populi
292 1712 426 1744 Romani
446 1712 572 1753 religio
564 1723 596 1743 in
617 1723 700 1742 sacra
715 1719 744 1743 et
762 1712 794 1743 in
815 1711 948 1753 auspicia

630 1757 650 1785 2
669 1764 697 1785 M
713 1756 733 1786 3
