1226 1935
209 352 270 395 M.
300 350 497 391 TULLH
531 348 838 391 CiCERONJS

102 469 937 521 TUSCULANARUM

242 603 808 654 QUAESTlONUM‚

309 728 382 764 AD
412 729 467 766 M.
496 728 739 773 BRUTUM,

346 839 488 869 LIBER
512 839 697 870 PRIMUS.

463 958 581 983 —4—

306 1063 354 1091 Dc
370 1063 589 1095 contemnenda
608 1065 724 1094 Morte.

122 1145 146 1175 i.
162 1145 247 1176 CUM
264 1146 474 1178 defensionum
486 1148 651 1184 laboribus,
669 1146 884 1187 senatoriisque
899 1156 966 1176 mu-

75 1188 207 1226 neribus,
224 1196 277 1219 aut
292 1191 416 1221 omnino
437 1197 490 1221 aut
514 1201 585 1230 ma„
567 1200 627 1220 rna
647 1201 684 1220 ex
700 1196 784 1230 parte
799 1200 893 1220 essem
909 1190 964 1219 ali-

76 1232 199 1271 quando
211 1232 365 1270 liberatus,
383 1234 471 1263 retuli
484 1244 544 1271 me,
561 1235 669 1269 Brute,
687 1240 716 1263 te
727 1233 866 1263 hortante
877 1243 965 1262 max-

76 1274 148 1309 ime,
165 1275 202 1304 ad
218 1285 252 1304 ea
268 1276 377 1313 studia,
394 1287 473 1317 quae,
490 1283 605 1307 retenta
620 1276 733 1313 animo,
750 1276 873 1306 remissa
889 1281 966 1305 tem-

76 1327 109 1356 p
100 1317 211 1353 nibus,
238 1319 329 1359 longo
355 1320 512 1349 intervallo
537 1319 717 1356 intermissa,
745 1319 898 1349 revocavi:
924 1324 965 1354 et,

77 1369 148 1389 cum
164 1361 302 1391 omnium
317 1362 440 1399 artium,
463 1373 532 1403 quae
552 1362 592 1392 ad
610 1369 723 1392 rectam
744 1361 864 1392 vivendi
886 1361 966 1390 viam

77 1403 271 1442 pertinerent,
295 1405 370 1434 ratio
387 1412 416 1435 et
431 1405 589 1446 disciplina
604 1405 703 1435 studio
719 1405 855 1445 sapienti
849 1415 884 1440 e,
898 1414 968 1444 quae

77 1445 268 1486 philosophia
289 1447 408 1485 dicitur,
432 1449 652 1483 contineretur;
677 1448 734 1478 hoc
754 1447 831 1477 mihi
848 1447 966 1477 Latinis

79 1488 172 1518 literis
197 1489 411 1520 illustrandum
436 1498 559 1531 putam:
585 1501 657 1528 non,
682 1491 754 1531 quia
777 1489 969 1530 philosophia

80 1531 193 1561 (Jraecis
218 1539 247 1561 et
270 1533 363 1564 literis
384 1540 412 1564 ct
434 1534 604 1564 doctoribus
625 1534 737 1574 percipi
761 1543 822 1563 non
847 1539 966 1573 posset.

81 1574 133 1603 sed
153 1584 258 1604 meum
279 1586 395 1617 semper
412 1577 562 1616 judicium
581 1577 651 1614 fuit,
667 1576 771 1606 onmia
785 1582 901 1606 nostros
916 1581 969 1604 aut

78 1616 227 1647 invenisse
250 1628 303 1658 per
323 1630 354 1649 se
374 1621 537 1660 sapientius
559 1630 653 1660 quam
674 1620 807 1656 Graecos,
833 1624 897 1655 aut,
921 1628 970 1647 ac-

78 1666 166 1708 cepta
181 1661 219 1690 ab
231 1660 302 1709 iilis,
315 1662 418 1692 fecisse
433 1663 570 1700 meliora,
586 1674 656 1703 quae
670 1662 795 1703 quidem
807 1661 900 1701 digna
911 1667 970 1690 sta-

79 1702 219 1741 tuissent,
240 1704 273 1733 in
294 1705 405 1745 quibus
426 1706 623 1736 elaborarent.
662 1706 747 1736 Nam
768 1714 866 1734 mores
882 1709 911 1733 et
926 1703 973 1732 in-

80 1745 187 1776 stituta
213 1747 293 1785 vitae‚
321 1758 428 1789 resque
453 1748 631 1779 domesticas
659 1759 693 1779 ac
719 1747 895 1783 familiares,
922 1756 977 1776 nos
