1226 1935
247 83 370 115 TUSC.
389 83 561 122 QUAEST.
581 83 659 114 Lm.
678 84 704 114 1.
727 84 810 115 Ciu».
828 85 879 115 24.
950 86 1008 121 127

119 169 200 200 nasci
221 176 353 210 possent,
375 169 477 206 etiam,
499 170 758 211 quemadmodum
779 170 946 209 interirent,
964 171 1009 201 vi-

121 212 232 243 derem.
259 214 341 243 Nam
356 214 546 254 sanguinem,
562 214 667 250 bilem,
684 213 837 254 pituitam,
851 224 928 250 ossa,
942 223 1010 244 ner-

121 265 288 293 vos‚venas,
305 266 426 286 omnem
438 256 568 297 denique
579 258 786 286 membrorum
803 262 832 287 et
844 256 934 286 totius
946 267 1010 286 cor-

113 298 202 339 poris
223 298 363 338 figuram,
385 299 487 329 videor
497 310 581 339 posse
600 299 708 337 dicere,
725 299 806 329 unde
820 305 967 336 concreta,
985 306 1014 330 ct

120 351 182 382 quo
196 341 287 371 modo
303 341 381 372 facta
395 342 463 372 sint.
500 341 592 383 [Per]
610 342 747 371 animum
762 342 875 382 ipsum,
893 342 917 371 si
933 342 1010 372 nihil

121 389 196 415 esset
215 384 247 414 in
267 394 312 421 eo,
334 385 392 414 nisi
412 385 454 421 id,
476 390 510 414 ut
525 395 577 425 per
592 395 663 414 eum
680 385 857 422 viveremus,
876 390 938 415 tam
954 395 1009 414 na-

119 427 188 458 tura
203 433 341 468 putarem
362 427 493 458 hominis
509 427 601 457 vitam
618 428 787 465 sustentari,
813 439 906 469 quam
927 428 1007 465 vitis,

120 480 213 511 quam
226 470 338 500 arboris
350 482 357 500 :
371 471 435 500 haec
447 471 527 500 enim
540 471 631 500 etiam
643 471 771 500 dicimus
783 471 890 501 vivere.
916 471 1007 508 Item,

120 514 145 543 si
170 513 246 542 nihil
269 513 392 543 haberet
415 514 535 543 animus
558 513 700 551 hominis,
723 513 779 544 nisi
804 519 837 543 ut
857 519 1010 554 appeteret

119 561 173 586 aut
179 555 339 596 refugeret,
348 556 378 586 id
390 567 511 597 quoque
522 562 597 587 esset
608 556 634 586 ei
646 567 807 587 commune
820 567 889 586 cum
900 557 1010 587 bestiis.

164 598 267 629 Habet
282 599 416 639 primum
432 599 622 637 memoriam,
645 605 673 629 et
697 609 763 629 eam
784 599 946 636 infinitam,
964 610 1009 630 re-

121 652 191 672 rum
206 642 495 672 innumerabilium:
521 653 613 683 quam
630 642 753 683 quidem
771 642 859 672 Plato
874 642 1010 673 recorda-

123 685 233 715 tionem
257 695 319 715 esse
339 685 404 714 vult
425 685 584 726 superioris
605 686 693 715 vitae:
718 695 789 715 nam
805 685 836 714 in
852 686 905 716 illo
920 686 1008 723 libro,

121 728 176 769 qui
190 728 362 758 inscribitur
378 730 401 745 ‘⁶
414 728 567 765 Menon,''
590 729 748 769 pusionem
771 729 936 769 quemdam
953 729 1008 759 So-

122 776 215 801 crates
235 771 398 810 interrogat
417 771 558 811 quaedam
576 772 757 811 geometrica
772 772 808 801 de
823 771 1010 802 dimensione

121 813 269 854 quadrati.
307 813 361 843 Ad
377 823 410 844 ea
425 814 467 844 sic
486 814 538 844 ille
558 814 728 854 respondet,
750 820 785 844 ut
799 825 893 855 puer:
919 820 948 844 et
964 820 1009 844 ta-

119 866 190 887 men
205 857 247 886 ita
261 856 362 886 faciles
376 856 622 897 interrogationes
637 863 718 893 sunt,
736 862 780 894 ut,
797 857 947 897 gradatim
963 868 1009 888 re-

120 899 280 940 spondens,
301 899 405 929 eodem
421 900 585 938 perveniat,
607 910 668 941 quo
688 900 713 930 si
733 900 913 940 geometrica
933 900 1011 930 didi-

119 943 213 973 cisset.
248 942 300 973 Ex
320 952 381 982 quo
397 943 473 972 effici
493 943 559 973 vult
575 944 720 979 Socrates,
737 949 772 972 ut
787 943 909 980 discere,
931 944 1008 974 nihil

118 985 202 1016 aliud
217 985 265 1023 sit,
282 985 339 1015 nisi
354 985 509 1016 recordari.
546 986 649 1024 Quem
670 986 771 1016 locum
795 986 894 1015 multo
919 987 1009 1016 etiam

119 1029 285 1059 accuratius
305 1028 435 1068 explicat
454 1028 486 1058 in
511 1039 545 1058 eo
566 1039 713 1065 sermone,
735 1039 826 1070 quem
847 1029 955 1059 habuit
975 1040 1010 1060 eo

119 1072 184 1113 ipso
199 1071 257 1110 die,
282 1081 343 1112 quo
358 1072 482 1102 excessit
497 1082 512 1101 e
528 1071 599 1102 vita.
634 1072 732 1102 Docet
748 1072 841 1110 enim,
858 1072 1007 1112 quemvis,

119 1115 173 1156 qui
188 1115 325 1145 omnium
347 1124 448 1144 rerum
468 1114 551 1145 rudis
572 1125 634 1145 esse
653 1115 800 1152 videatur,
822 1116 898 1145 bene
916 1116 1008 1145 inter-

118 1158 236 1199 roganti
250 1157 492 1198 respondentem,
509 1158 669 1196 declarare,
686 1169 717 1188 se
732 1168 793 1188 non
805 1163 872 1188 tum
884 1159 937 1188 illa
946 1159 1007 1189 dis-

119 1212 194 1238 cere,
219 1201 271 1231 sed
291 1201 508 1231 reminiscendo
529 1211 755 1242 recognoscere:
780 1211 834 1231 nec
854 1212 923 1232 vero
944 1202 1007 1232 fieri

118 1245 182 1274 ullo
206 1244 296 1274 modo
316 1254 412 1284 posse,
434 1250 480 1281 ut,
497 1254 514 1273 a
529 1245 640 1285 pueris,
657 1250 702 1275 tot
717 1254 818 1275 rerum
834 1250 925 1285 atque
940 1251 1007 1275 tan-

118 1293 219 1318 tarum
234 1287 337 1318 insitas
353 1293 381 1317 et
396 1287 481 1327 quasi
498 1287 685 1328 consignatas
699 1287 731 1317 in
747 1287 856 1317 animis
871 1288 1008 1318 notiones

119 1333 208 1371 (quas
229 1342 330 1364 εννωεις
350 1336 469 1367 vocant)
485 1330 676 1369 haberemus,
700 1330 758 1361 nisi
769 1331 901 1369 animus,
923 1337 1008 1361 ante-

118 1384 213 1413 quam
228 1373 260 1402 in
276 1383 382 1414 corpus
397 1373 576 1412 intravisset,
599 1373 630 1403 in
652 1384 754 1404 rerum
775 1374 944 1414 cognitione
964 1374 1009 1404 vi-

115 1417 237 1456 guisset.

160 1459 303 1500 Cumque
326 1459 402 1489 nihil
426 1463 511 1497 essct,
528 1466 564 1490 ut
582 1460 725 1491 omnibus
746 1459 819 1490 locis
842 1470 860 1490 a
879 1460 1007 1490 Platone

117 1502 282 1539 disseritur,
309 1502 400 1536 (nihil
415 1503 497 1532 enim
512 1503 563 1533 ille
583 1509 672 1544 putat
692 1514 764 1541 eme,
789 1503 871 1544 quod
892 1503 1007 1533 oriatur

119 1551 149 1575 et
163 1545 308 1580 inteream
332 1545 425 1586 idque
440 1546 539 1576 solum
555 1557 627 1583 esse,
649 1546 732 1587 quod
747 1556 866 1587 semper
881 1547 940 1576 tale
956 1546 1005 1583 sit,

118 1588 241 1628 qualem
258 1589 355 1618 ideam
378 1589 510 1629 appellat
525 1589 587 1627 ille,
603 1599 657 1620 nos
672 1591 814 1629 speciem)
830 1598 892 1619 non
907 1589 1007 1629 potuit

117 1631 238 1660 animus
247 1631 322 1666 haec,
339 1631 368 1660 in
385 1642 507 1672 corpore
523 1632 668 1670 inclusus,
686 1642 863 1673 agnoscere:
888 1632 1009 1672 cognita

117 1674 238 1703 attulit:
274 1684 311 1703 cx
335 1685 396 1713 quo
422 1680 483 1704 tam
510 1676 678 1705 multarum
702 1685 804 1706 rerum
828 1675 1008 1715 cognitionis

117 1716 276 1746 admiratio
300 1717 424 1746 tollitur.
460 1718 571 1758 Neque
595 1729 629 1749 ea
654 1718 745 1758 plane
769 1718 850 1748 videt
872 1718 1004 1755 animus,

114 1769 186 1790 cum
203 1765 264 1790 tam
282 1767 403 1801 repente
418 1760 449 1790 in
471 1761 627 1792 insolitum
650 1768 773 1802 tamque
795 1763 1005 1802 perturbatum
