1180 1935
223 101 293 131 360.
322 100 383 131 DE
407 100 516 131 NAT.
540 99 679 132 DEOR.
703 101 783 132 Lm.
802 102 847 132 11.
873 102 956 133 CAP.
973 103 1031 133 24.-

219 187 293 229 quid
321 187 522 217 Concordiae?
559 187 723 218 Libertatis
733 189 748 219 Ρ
781 188 924 219 Victoriae
937 190 950 219 ?
978 198 1110 229 quarum

219 231 360 261 omnium
375 240 476 260 rerum
493 229 565 270 quia
583 230 627 260 vis
643 236 706 260 erat
721 236 815 268 tanta,
833 238 868 261 ut
883 232 946 261 sine
961 231 1029 261 Deo
1044 231 1109 271 regi

218 283 279 304 non
296 278 405 314 posset,
422 273 488 313 ipsa
503 283 548 303 res
569 273 707 303 Deorum
728 284 839 304 nomen
860 274 1001 304 obtinuit.
1035 274 1108 312 Quo

218 327 256 346 ex
280 326 388 356 genere
413 316 585 356 (upidinis,
608 322 637 346 et
658 316 845 357 Voluptatis,
872 324 901 347 et
924 317 1108 347 Lubentinae

216 359 357 395 Veneris,
370 359 517 389 vocabula
528 365 697 389 consecrata
709 366 790 394 sunt,
804 361 980 390 vitiosarum
992 370 1106 397 rerum,

216 412 316 443 neque
331 402 539 437 naturalium3
565 412 755 442 quamquam
772 403 908 433 Velleius
927 403 1014 433 aliter
1030 403 1109 432 exis-

216 446 321 475 timat:
344 445 395 475 sed
411 450 512 474 tamen
530 455 565 474 ea
579 445 645 485 ipsa
660 445 733 474 vitia
745 452 885 475 naturam
899 446 1108 476 vehementius

215 499 294 529 saepe
309 488 440 528 pulsant.
466 488 644 517 Utilitatum
660 487 754 527 igitur
768 489 979 529 magnitudine
998 489 1108 518 consti-

214 532 273 562 tuti
296 538 368 561 sunt
390 531 411 560 ii
434 531 501 568 Dii,
526 531 579 571 qui
604 530 748 560 utilitates
772 542 908 572 quasque
930 532 1107 572 gignebant.

213 575 322 615 Atque
337 574 384 604 his
400 573 523 614 quidem
541 574 727 611 nominibuS,
745 585 814 614 quae
834 575 925 615 paulo
943 581 1013 604 ante
1028 575 1108 604 dicta

214 624 285 648 sunt
300 628 318 647 a
332 627 393 654 me,
410 628 479 657 quae
495 617 539 646 vis
556 617 594 646 sit
609 617 640 646 in
656 627 790 658 quoque,
808 618 988 653 declaratur,
1006 617 1083 647 Deo.

257 660 386 691 XXIV.
407 660 545 700 Suscepit
561 666 663 690 autem
680 660 741 690 vita
756 660 930 698 hominum,
944 666 1106 691 consuetu-

213 704 313 745 doque
332 703 513 740 communis,
540 709 575 732 ut
596 703 747 733 beneficiis
768 704 946 733 excellentes
971 703 1048 733 viros
1072 704 1104 733 in

212 748 322 777 coelum
339 746 422 776 fama
438 757 472 776 ac
489 745 644 776 voluntate
661 746 808 776 tollerent.
842 747 924 777 Hinc
942 747 1103 784 Hercules,

210 790 282 820 hinc
299 790 406 820 Castor
422 795 451 819 et
468 789 592 825 Pollux,
609 789 681 819 hinc
698 789 905 830 AEsculapius,
922 790 993 820 hinc
1010 790 1104 819 Liber

211 833 303 863 etiam
318 844 327 869 ;
361 832 457 866 (hune
483 832 549 862 dico
577 832 726 862 Liberum
754 830 872 863 Semele
895 839 1014 869 natum,
1042 843 1103 863 non

210 887 294 914 eum,
311 886 404 917 quem
420 876 514 906 nostri
529 876 658 914 majores
679 882 807 915 auguste
827 882 988 916 sancteque
1010 876 1104 906 Libe-

208 930 279 949 rum
304 929 375 950 eum
401 918 510 949 Cerere
534 925 562 948 et
586 918 699 948 Libera
722 925 990 948 consecraverunt:
1020 919 1103 959 quod

209 963 300 1003 quale
315 962 364 1000 sit,
382 972 419 991 ex
435 961 585 1002 mysteriis
601 961 730 1001 intelligi
746 968 851 1002 potest.
877 962 948 997 Sed,
966 962 1048 1002 quod
1064 972 1102 991 ex

208 1005 296 1036 nobis
315 1011 401 1035 natos
421 1005 531 1035 liberos
550 1004 752 1045 appellamus,
778 1005 887 1034 idcireo
907 1006 1014 1035 Cerere
1039 1006 1103 1035 nati

207 1049 358 1079 nominati
386 1054 456 1078 sunt
481 1048 574 1078 Liber
599 1054 628 1077 et
655 1048 767 1077 Libera
780 1059 789 1083 ;
823 1048 905 1088 quod
932 1048 963 1077 in
989 1048 1103 1078 Libera

207 1098 338 1129 servant,
357 1092 388 1121 in
406 1091 518 1121 Libero
534 1100 595 1120 non
611 1091 682 1120 item
696 1097 719 1126 z)
739 1091 810 1120 hinc
826 1091 916 1120 etiam
933 1091 1099 1129 Romulus,

206 1146 299 1176 quem
316 1134 441 1175 quidem
457 1133 599 1163 eumdem
616 1144 678 1163 esse
690 1133 858 1171 Quirinum
872 1140 1001 1174 putant:
1024 1145 1100 1174 quo-

205 1188 274 1208 rum
291 1188 361 1208 cum
380 1183 569 1207 remanerent
590 1176 696 1213 animi,
718 1183 809 1217 atque
831 1177 997 1207 aeternitate
1018 1178 1100 1207 frue-

205 1227 320 1259 rentur,
336 1221 390 1250 Dii
403 1221 458 1250 rite
471 1226 541 1250 sunt
552 1219 667 1256 habiti3
689 1230 759 1250 cum
776 1226 805 1250 et
820 1220 928 1260 optimi
944 1227 1052 1257 essent,
1069 1226 1099 1250 et

205 1270 275 1295 aetei
277 1275 318 1294 111

247 1308 323 1338 Ali-21
336 1317 458 1348 quoque
470 1317 507 1336 ex
520 1306 646 1343 ratione,
658 1312 686 1336 et
699 1306 824 1347 quidem
837 1307 973 1347 physica,
985 1317 1098 1348 magna

204 1351 295 1382 fluxit
305 1350 473 1380 multitudo
486 1350 635 1387 Deorum,
648 1350 713 1390 qui,
727 1350 827 1380 induti
840 1350 936 1391 specie
948 1351 1078 1380 1111111αηῖ
1067 1363 1096 1388 1,

202 1394 320 1425 fibulas
336 1394 432 1434 potitis
453 1392 734 1432 suppeditaverunt,
752 1392 913 1423 hominum
933 1399 1035 1423 autem
1052 1394 1097 1423 vi-

202 1445 265 1470 tam
282 1437 492 1477 superstitione
508 1436 592 1465 omni
608 1435 797 1465 referserunt.
822 1437 929 1476 Atque
940 1437 989 1467 hic
1001 1436 1095 1473 locus,

201 1493 219 1512 a
247 1481 369 1510 Zenone
392 1485 476 1509 tract
476 1484 546 1514 itus,
570 1484 638 1519 post
661 1489 679 1508 a
702 1479 849 1509 Cleanthe
872 1485 901 1509 et
924 1479 1097 1520 Chrysippo

201 1524 341 1574 pluribus
356 1522 455 1553 verbis
471 1521 638 1561 explicatus
654 1527 707 1551 est.
742 1522 826 1552 Nam
846 1528 932 1552 vetus
953 1522 1017 1553 haec
1032 1523 1097 1563 opi-

202 1569 252 1599 nio
270 1566 420 1597 Graeciam
437 1565 582 1605 opplevit,
606 1572 761 1595 exsectum
782 1565 901 1595 Coelum
923 1576 941 1595 a
961 1566 1023 1596 filio
1042 1568 1097 1596 Sa-

199 1619 302 1645 turno,
320 1609 455 1639 vinctum
471 1614 573 1637 autem
590 1608 619 1637 S
613 1614 757 1637 nuruum
778 1608 878 1649 ipsum
895 1619 913 1638 a
928 1609 991 1638 filio
1006 1609 1095 1639 Jove.

200 1653 332 1695 Physica
347 1652 421 1681 ratio
437 1661 497 1680 non
513 1651 667 1690 inelegans
683 1651 800 1681 inclusa
816 1657 859 1681 est
877 1651 908 1680 in
927 1652 1036 1692 impias
1052 1652 1097 1682 fa-

185 1698 296 1729 bulas.
321 1695 480 1725 Coelestem
497 1693 590 1731 enirn,
608 1694 786 1724 altissimam
803 1694 1025 1735 aethereamque
1041 1704 1096 1724 na-

199 1748 312 1777 turam,
328 1737 360 1768 id
375 1744 429 1777 est,
446 1737 578 1778 igneam,
596 1748 665 1778 quae
680 1748 734 1779 per
750 1748 812 1769 sese
828 1738 930 1769 onmia
944 1738 1092 1779 gigneret,
