1226 1935
260 75 386 109 TUSC.
400 76 574 116 QUAEST.
590 75 670 107 Lm.
686 75 714 107 1.
731 75 814 109 Cn.
830 75 882 106 32.
963 75 1023 105 135

132 171 193 192 non
207 162 325 193 malurn
344 161 428 193 aliud
445 168 533 200 certe,
557 161 609 194 sed
628 162 705 193 nihil
725 162 842 193 bonum
864 161 947 192 aliud
966 171 1021 201 po-

135 205 214 235 tius:
239 206 264 236 si
285 206 409 247 quidem
432 207 480 237 vel
502 206 556 236 Dii
577 206 645 247 ipsi,
668 206 715 236 vel
736 215 806 236 cum
828 205 907 242 Diis,
924 203 1021 234 futuri

136 258 251 278 sumus.

178 291 325 321 Auditor.
368 291 454 330 Quid
477 291 592 322 refert?
626 291 736 322 adsunt
760 290 852 328 enim,
878 290 931 331 qui
956 290 1022 319 haec

134 343 194 364 non
210 336 346 374 probent.
385 336 528 365 stlareus.
560 335 628 375 Ego
644 341 746 365 autem
761 343 919 374 nunquam
936 333 978 362 ita
993 338 1023 362 te

134 387 171 406 ex
186 376 244 407 hoc
259 388 395 408 sermone
409 378 573 417 dimittam,
586 378 651 408 ull&
666 378 711 407 uti
731 377 845 407 ratione
866 386 947 406 mors
969 375 1024 405 tibi

133 419 226 449 videri
242 421 359 451 malum
374 421 475 461 possit.

175 463 321 493 Auditor.
367 465 432 501 Qui
463 469 570 504 potest,
602 474 672 494 cum
705 463 762 493 ista
799 462 991 502 cognoverim
1006 463 1021 491 ἶ)

132 506 275 536 Marcus.
311 506 376 544 Qui
397 507 501 547 possit,
524 509 635 547 rogas?
660 507 795 536 Catervae
810 506 936 535 veniunt
952 514 1023 534 con-

131 553 178 578 tra
192 548 369 587 dicentium,
386 559 446 579 non
462 550 560 579 solum
579 549 812 590 Epicureorum,
838 558 914 589 quos
936 547 1022 587 equi-

131 591 202 621 dem
224 602 285 622 non
307 593 459 634 despicio,
485 593 546 631 sed,
570 593 668 622 nescio
684 591 862 632 quomodo,
888 590 1019 620 doctissi-

131 644 201 665 mus
225 636 354 676 quisque
379 636 553 666 contemnit.
585 636 744 666 Acerrime
767 640 881 670 autem,
907 633 1022 663 deliciae

131 686 218 714 meae,
236 679 430 709 Dicaearchus
445 685 548 709 contra
563 679 641 709 hanc
653 677 912 708 immortalitatem
928 676 1022 706 disse-

131 720 201 749 ruit.
226 721 258 751 Is
273 722 355 751 enim
372 728 428 752 tres
440 722 531 752 libros
547 722 674 762 scripsit,
689 721 742 762 qui
758 720 896 750 Lesbiaci
912 729 1022 749 vocan-

130 768 192 800 tur,
216 764 298 804 quod
315 765 475 805 Mitylenis
491 775 587 794 sermo
602 765 751 799 habetur3
776 763 807 792 in
828 763 939 803 quibus
955 762 1022 792 vult

131 805 256 843 efficere,
270 807 387 837 animos
403 818 464 837 esse
479 808 630 837 mortales.
669 807 761 837 Stoici
777 812 878 836 autem
894 813 1020 835 usuram

129 849 216 879 nobis
231 850 413 890 largiuntur,
431 856 589 891 tamquam
605 850 772 880 cornicibus
786 860 794 879 :
827 849 880 878 diu
896 858 1020 878 mansu-

130 901 178 922 ros
194 893 280 922 aiunt
295 893 431 929 animos;
456 903 584 934 semper,
601 899 722 933 negant.

173 934 322 966 XXXII.
348 937 436 966 Num
451 936 495 966 vis
510 936 603 977 igitur
618 936 733 972 audire,
750 945 814 971 cur,
831 934 923 964 etiam
939 934 963 964 si
978 933 1021 964 ita

129 977 178 1014 sit,
195 988 276 1009 mors
292 984 395 1009 tamen
417 989 477 1009 non
499 980 536 1009 sit
556 979 588 1009 in
603 979 719 1009 malis?
743 979 890 1008 Auditor.
915 978 959 1007 Ut
975 977 1021 1007 vi-

129 1020 237 1051 detur:
269 1021 320 1052 sed
349 1032 399 1052 ine
428 1032 518 1052 nemo
547 1022 585 1052 de
619 1022 846 1052 immortalitate
880 1020 1020 1061 depellet.

129 1065 274 1094 Marcus.
312 1065 421 1096 Laudo
450 1065 482 1095 id
517 1065 641 1107 quidem
656 1077 663 1095 :
696 1065 751 1095 etsi
780 1064 857 1094 nihil
892 1063 1017 1104 [nimis]

128 1113 245 1147 oportet
259 1107 426 1138 confidere:
450 1118 610 1139 movemur
625 1108 706 1138 enim
722 1118 800 1149 saepe
815 1107 918 1148 aliquo
933 1113 1020 1137 acute

129 1151 268 1181 concluso
282 1162 290 1181 ε
314 1151 463 1189 labamus,
477 1157 693 1192 mutamusque
709 1150 899 1187 sententiam,
913 1149 1021 1179 clario-

128 1193 212 1223 ribus
228 1194 320 1224 etiam
335 1194 366 1224 in
383 1196 481 1225 rebus.
507 1195 545 1224 In
557 1195 604 1225 his
616 1200 659 1225 est
671 1194 752 1224 enim
768 1194 871 1234 aliqua
886 1192 1021 1223 obscuri-

129 1241 184 1265 tas.
219 1236 257 1266 Id
277 1237 369 1277 igitur
391 1238 416 1267 si
436 1237 586 1275 acciderit,
609 1238 703 1267 simus
724 1237 842 1267 armati.
870 1236 1018 1266 Auditor.

130 1279 210 1309 Sane
224 1280 348 1320 quidem
363 1292 370 1310 :
396 1281 466 1318 Sed,
484 1290 521 1311 ne
536 1280 662 1319 accidat,
679 1280 852 1321 providebo.

173 1323 317 1353 Marcus.
342 1323 431 1365 Num
446 1323 520 1364 quid
535 1323 628 1364 igitur
640 1329 684 1353 est
698 1333 806 1359 causae,
820 1322 895 1364 quin
907 1321 1019 1353 amicos

129 1371 245 1396 nostros
261 1366 376 1397 Stoicos
391 1367 581 1397 dimittamus
595 1377 604 1403 ;
629 1377 677 1397 eos
692 1366 770 1403 dico,
787 1366 841 1406 qui
857 1365 943 1395 aiunt
955 1366 1021 1395 ani-

128 1418 195 1438 mos
221 1419 354 1446 manere,
382 1420 398 1439 e
424 1420 545 1451 corpore
571 1420 642 1440 cum
665 1409 854 1446 excesserint,
883 1408 934 1438 sed
956 1418 1019 1438 non

129 1461 247 1492 semper
260 1453 274 1482 ?
298 1452 444 1482 Auditor.
462 1453 540 1483 Istos
555 1463 644 1483 vero:
662 1452 727 1493 qui,
744 1452 826 1493 quod
841 1451 905 1481 tota
918 1451 951 1480 in
962 1451 1020 1481 hac

127 1495 219 1524 causa
228 1495 442 1526 difficillimum
455 1501 508 1532 est,
521 1496 695 1537 suscipiant,
708 1506 794 1536 posse
803 1494 942 1525 animum
954 1504 1021 1523 ma-

128 1546 199 1567 nere
213 1548 334 1578 corpore
349 1544 504 1569 vacantem
517 1550 525 1569 :
549 1539 627 1569 illud
636 1543 750 1577 autem,
764 1538 846 1579 quod
856 1547 917 1567 non
926 1537 1019 1567 modo

128 1579 215 1610 facile
235 1581 274 1611 ad
294 1581 478 1612 credendum
493 1587 548 1619 est,
565 1582 627 1620 sed,
647 1592 681 1612 eo
703 1591 840 1612 concesso
863 1580 946 1621 quod
966 1590 1019 1610 vo·-

126 1622 207 1661 lunt,
233 1633 427 1665 consequens,
452 1625 484 1655 id
510 1631 588 1655 certe
610 1634 670 1655 non
693 1624 777 1662 dant,
801 1630 846 1661 ut,
871 1634 941 1653 cum
964 1623 1017 1652 diu

126 1667 335 1706 permanserit,
358 1677 396 1698 ne
417 1668 551 1698 intereat.
586 1669 730 1698 Marcus.
747 1668 833 1697 Bene
855 1666 1018 1707 reprehen-

126 1708 192 1739 dis:
217 1715 247 1740 et
271 1719 302 1740 se
326 1710 383 1741 isto
408 1711 500 1741 modo
525 1720 571 1741 res
594 1711 695 1741 habet.
730 1710 899 1741 Credamus
922 1709 1018 1749 igitur

127 1751 275 1792 Panaetio,
300 1763 319 1783 a
342 1753 469 1784 Platone
493 1764 547 1784 suo
569 1753 782 1785 dissentienti?
805 1752 910 1790 Quem
935 1751 1017 1782 enim
