1226 1935
259 59 319 90 DE
343 59 541 97 FINIBUS,
563 58 642 90 Lm.
656 59 697 91 V.
719 60 865 91 Cena30.
944 62 1001 93 101

117 146 198 184 tatis,
221 146 428 177 inconstantiae
449 147 562 177 crimen
583 146 634 177 ille
649 145 775 187 effi1git;
799 156 854 177 nos
875 146 1008 188 effugere

118 199 178 219 non
195 192 381 230 possumus?
408 190 464 220 Ille
487 190 521 219 M
528 190 607 220 etelli
628 189 721 219 vitam
738 195 828 230 negat
842 191 1007 221 beatiorem

119 243 213 273 quam
230 233 354 273 Reguli,
370 233 605 273 praeponendam
626 238 749 268 tameng
774 242 828 262 nec
843 233 940 274 magis
956 244 1009 263 ex-

118 276 292 316 petendam,
317 276 368 306 sed
384 276 481 316 magis
496 275 674 305 sumendam
689 286 698 311 ς
723 282 762 311 et,
787 275 810 305 si
827 276 909 316 optio
921 282 1007 314 esset,

118 319 289 359 eligendam
306 318 438 355 Metelli,
455 319 648 357 rejiciendam
665 318 787 359 Reguli.
816 318 896 359 Ego,
913 329 1008 359 quam

117 361 169 391 ille
195 361 430 402 praeponendam
457 368 487 392 et
512 362 610 402 magis
636 361 819 402 eligendam,
842 362 1006 392 beatiorem

118 404 197 434 hanc
220 405 360 445 appellog
385 415 440 435 nec
463 405 527 434 ullo
551 404 680 447 minimo
703 410 859 435 momento
885 405 955 445 plus
981 404 1009 435 ei

118 446 188 477 vitae
203 447 314 485 tribuo,
331 458 424 488 quam
441 447 543 478 Stoici.
963 487 965 489 ι

162 490 249 527 Quid
263 490 396 527 interest,
413 491 471 521 nisi
486 490 568 531 quod
583 501 639 531 ego
657 500 703 520 res
718 496 803 520 notas
818 490 896 520 notis
911 490 1011 521 verbis

118 534 251 574 appello,
267 533 313 563 illi
333 533 457 564 nomina
471 544 550 564 nova
570 539 722 574 quaerunt,
739 534 850 574 quibus
866 533 946 563 idem
963 534 1010 563 di-

120 577 213 606 cant?
239 576 298 611 Ita,
318 577 578 617 quemadmodum
595 577 626 606 in
642 583 747 606 senatu
764 586 881 616 semper
896 583 940 606 est
955 577 1011 606 ali-

120 618 189 659 quis
210 619 263 659 qui
278 619 472 660 interpretem
492 620 635 660 postulet,
658 619 698 649 sic
714 619 763 649 isti
778 619 864 649 nobis
879 629 949 649 cum
964 619 1012 649 in-

120 668 249 702 terprete
271 663 413 693 audiendi
438 670 517 693 sunt.
550 663 675 693 Bonum
702 663 833 703 appello,
861 662 1012 703 quidquid

119 704 287 735 secundum
304 711 445 736 naturam
461 712 525 741 estg
550 706 633 747 quod
649 711 763 743 contra,
779 705 917 735 malum:
944 706 1011 735 Nec

120 758 177 788 ego
192 748 293 784 solum
318 749 369 778 sed
390 755 423 779 tu
440 749 543 785 etiam,
568 749 749 790 Chrysippe,
766 748 797 778 in
812 748 888 784 foro,
905 748 1009 778 domi:

120 791 153 820 in
169 791 271 821 schol&
286 791 403 822 definis.
438 792 524 829 Quid
540 802 610 832 ergo
621 793 635 822 ?
659 792 745 821 aliter
759 791 909 828 homines,
927 791 1013 821 ah'ter

119 833 327 874 philosophos,
350 834 436 875 loqui
455 844 543 875 putes
563 840 710 875 oportere,
734 833 857 874 [quanti
878 834 1014 875 quidque

121 877 175 918 sit]
189 878 203 907 ?
226 877 313 907 aliter
327 877 440 915 doctos,
457 884 487 908 et
501 877 636 908 indoctos
648 879 662 907 ‚⁹
686 878 746 908 Sed
761 887 832 907 cum
848 877 1014 907 constiterit

120 919 200 950 inter
219 920 333 957 doctos,
349 921 457 962 quanti
477 931 523 951 res
544 931 674 963 quaeque
689 920 738 956 sit,
757 919 799 960 [si
813 920 951 950 homines
967 930 1012 950 es-

121 969 199 999 sent,
215 963 325 993 usitate
339 964 563 1005 loquerentur}
587 963 674 994 Dum
690 974 736 993 res
750 968 906 1000 maneant,
923 964 1014 993 verba

122 1006 240 1046 fingant
254 1006 400 1036 arbitratu
415 1017 480 1037 suo.

166 1049 275 1079 XXX.
300 1049 360 1080 Sed
375 1049 462 1080 venio
476 1049 516 1080 ad
526 1049 735 1080 inconstantiae
749 1049 874 1086 crimen,
891 1050 943 1083 (ne
958 1059 1014 1079 sae-

122 1091 192 1132 pius
212 1091 305 1129 dicas,
326 1102 377 1122 me
401 1094 551 1131 aberrare)
573 1103 667 1134 quam
688 1098 722 1122 tu
742 1094 830 1133 pom's
844 1092 877 1122 in
892 1092 1012 1128 verbis;

124 1145 180 1175 ego
194 1135 325 1175 positam
339 1135 371 1165 in
387 1146 419 1165 re
433 1137 590 1176 putabam.
614 1136 648 1166 si
663 1136 733 1166 satis
748 1135 804 1165 erit
819 1135 875 1165 hoc
890 1145 1015 1176 percep-

124 1184 192 1208 tum
219 1178 264 1212 (in
290 1189 352 1219 quo
372 1178 525 1218 adjutores
549 1179 665 1209 Stoicos
687 1179 818 1219 optimos
838 1178 1014 1215 habemus),

124 1226 241 1251 tantam
257 1221 319 1251 vim
336 1232 398 1252 esse
413 1222 542 1259 virtutis,
558 1228 593 1252 ut
604 1222 718 1257 omnia,
735 1222 760 1251 si
775 1232 813 1251 ex
825 1221 919 1251 alter&
930 1227 1016 1262 parte

124 1269 289 1304 ponantur,
311 1274 350 1295 ne
366 1271 532 1305 appareant
547 1265 693 1306 quidem:
716 1274 787 1295 cum
808 1265 922 1301 omnia,
946 1275 1016 1305 quae

125 1307 172 1337 illi
187 1307 348 1337 commoda
362 1314 440 1338 certe
460 1307 566 1338 dicunt
587 1318 661 1344 esse,
682 1314 712 1338 et
732 1307 891 1344 sumenda,
913 1315 942 1337 et
963 1307 1017 1337 eli-

125 1350 236 1390 genda,
249 1356 278 1380 et
287 1351 458 1391 praeposita,
472 1361 542 1391 quae
552 1351 595 1381 ita
603 1350 764 1389 definiunt,
775 1357 810 1381 ut
822 1350 893 1380 satis
903 1360 1018 1391 magno

127 1393 306 1423 aestimanda
321 1394 400 1430 sint;
423 1394 488 1424 haec
502 1394 596 1434 igitur
610 1404 680 1424 cum
696 1404 763 1434 ego,
782 1399 827 1424 tot
842 1393 1018 1424 nominibus

127 1445 146 1465 a
161 1435 269 1466 Stoicis
283 1437 446 1477 appellata,
462 1437 574 1477 partim
589 1437 675 1467 novis
689 1443 719 1467 et
739 1436 967 1473 commenticiis,
983 1441 1019 1466 ut

127 1478 186 1508 ista
204 1480 355 1518 producta
376 1485 405 1510 et
426 1482 562 1518 reducta,
582 1480 695 1521 partim
717 1479 799 1510 idem
823 1479 1020 1520 significanti-

129 1522 187 1552 bus
210 1522 297 1563 (quid
318 1522 399 1553 enim
419 1523 553 1560 interest,
585 1530 707 1564 expetas
736 1533 776 1553 an
800 1523 918 1563 eligas?
940 1522 1019 1552 mihi

130 1564 255 1605 quidem
276 1565 367 1595 etiam
386 1567 500 1596 lautius
520 1566 649 1603 videtur,
671 1566 754 1607 quod.
775 1567 908 1607 eligitur,
929 1572 959 1596 et
980 1565 1019 1595 ad

131 1607 215 1647 quod
234 1608 366 1639 delectus
386 1609 581 1647 adhibetur);
605 1609 668 1647 sed,
692 1619 762 1639 cum
784 1620 840 1650 ego
859 1609 916 1639 ista
938 1610 1021 1638 bona

131 1650 235 1680 omnia
254 1650 369 1689 dixero,
390 1656 512 1682 tantum
531 1652 633 1689 refert,
654 1662 749 1693 quarn
763 1662 878 1693 magna
896 1652 1018 1686 dicam;

132 1703 202 1722 cum
219 1695 397 1734 expetenda,
418 1705 512 1736 quam
534 1695 631 1726 valde.
670 1695 724 1725 Sin
739 1702 843 1726 autem
859 1705 914 1725 nec
929 1705 1020 1735 expe-

132 1735 224 1766 tenda
244 1746 301 1777 ego
319 1738 429 1778 magis,
451 1748 546 1779 quam
561 1744 595 1769 tu
611 1737 761 1779 eligenda,
783 1749 837 1769 nec
858 1738 911 1768 illa
925 1737 1021 1779 pluris

709 1790 731 1811 K
755 1782 775 1811 3
