1180 1935
183 32 243 64 DE
268 33 374 64 NAT.
391 32 528 65 DEOR.
545 34 624 64 Lm.
642 33 707 65 111.
721 33 805 65 CAP.
821 34 873 65 20.
919 33 980 69 417

95 118 254 159 AEgialeus
264 121 278 150 ,⁹
293 119 344 150 sed
356 119 432 150 illud
448 129 558 150 nomen
575 125 709 150 veterum
721 120 814 150 literis
829 119 978 150 usitatius.

94 161 159 201 Qui
182 163 207 192 si
230 161 285 192 Dii
309 172 370 193 non
394 169 476 200 sunt,
501 173 601 193 vereor
620 163 694 203 quid
718 168 788 203 agat
812 163 889 194 Ino:
914 163 978 193 haec

94 204 175 234 enim
190 205 293 235 omnia
308 216 345 235 ex
360 205 465 235 eodem
482 206 564 235 fonte
578 205 740 235 fluxerunt.

137 247 191 277 An
206 248 416 288 Amphiaraus
429 248 514 278 Deus
529 248 595 285 erit,
612 254 641 278 et
652 248 848 288 Trophonius
860 250 874 279 ‚⁹
898 248 980 279 Nos-

92 288 132 320 tri
157 290 281 331 quidem
305 291 470 332 publicani,
494 301 565 321 cum
589 298 685 321 essent
712 291 776 331 agri
802 291 833 321 in
861 291 980 322 Boeotia

92 332 230 363 Deorum
249 333 468 363 immortalium
492 334 609 374 excepti
634 334 700 374 lege
721 334 865 371 censoria,
891 344 982 374 nega-

92 376 167 406 bant
187 376 372 406 immortales
393 387 455 406 esse
475 377 564 411 uHos,
588 376 641 416 qui
661 376 825 417 aliquando
845 376 982 407 homines

91 417 227 449 fuissent.
261 419 320 449 Sed
341 419 365 449 si
385 425 456 449 sunt
475 419 508 449 hi
529 419 594 455 Dii,
617 424 660 448 est
681 426 758 449 certe
779 419 979 457 Erechtheus,

92 462 178 500 cujus
194 462 326 492 Athenis
342 468 371 492 et
388 462 550 492 delubrum
571 461 714 499 vidimus,
738 468 767 492 et
789 462 980 492 sacerdotem.

92 503 196 541 Quem
212 505 236 534 si
252 504 355 535 Deum
370 504 509 542 facimus,
523 504 597 545 quid
609 511 662 535 aut
674 505 712 535 de
727 505 827 535 Codro
843 504 982 535 dubitare

91 557 264 587 possumus,
287 554 340 577 aut
355 548 392 578 de
407 548 531 584 caeteris,
555 547 608 588 qui
623 554 792 588 pugnantes
806 558 861 588 pro
876 547 982 588 patriae

92 589 230 620 libertate
249 591 445 621 ceciderunt?
470 590 563 628 Quod
579 591 603 620 si
618 591 773 631 probabile
788 600 848 620 non
865 596 919 627 est,
943 600 981 620 ne

91 632 144 662 illa
159 633 283 674 quidem
299 634 463 675 superiora,
487 633 568 664 unde
587 633 651 664 haec
666 639 802 671 manant,
826 633 982 674 probanda

91 681 171 706 sunt.

132 718 234 762 Atqui
248 719 280 750 in
296 720 448 761 plerisque
468 719 638 750 civitatibus
653 719 780 760 intelligi
795 724 902 760 potest,
926 729 981 749 au-

89 762 197 802 gendae
209 763 328 793 virtutis
339 763 448 804 gratia,
462 766 536 804 (quo
551 763 693 793 libentius
708 762 880 804 reipublicae
892 762 981 792 causa

90 805 260 845 periculum
276 806 372 836 adiret
387 806 520 847 optimus
541 806 682 846 quisque)
703 806 836 835 virorum
856 805 981 835 fortium

89 849 268 879 memoriam
288 850 401 880 honore
422 849 559 879 Deorum
582 848 805 878 immortalium
828 858 981 878 consecra-

89 896 163 921 tam.
187 891 238 922 Ob
251 903 317 922 eam
334 892 414 922 enim
427 892 525 933 ipsam
541 901 662 922 causam
675 891 864 921 Erechtheus
878 891 979 921 Athe-

88 934 146 972 nis,
171 934 301 976 filiaeque
323 936 398 974 ejus,
421 935 453 964 in
468 945 595 965 numero
611 935 749 965 Deorum
764 940 843 964 sunt.
883 934 979 964 Item-

87 987 147 1018 que
161 976 242 1016 [Leo
252 979 409 1019 natarum]
421 984 464 1008 est
475 978 637 1007 delubrum
650 977 793 1013 Athenis,
807 976 889 1018 quod
901 976 980 1006 Leo-

87 1020 189 1051 corion
213 1021 396 1051 nominatur.
437 1020 668 1051 Alabandenses
693 1020 817 1060 quidem
844 1019 977 1050 sanctius

86 1062 288 1094 Alabandum
302 1064 416 1101 colunt,
430 1074 448 1093 a
461 1074 521 1103 quo
534 1069 577 1093 est
589 1065 660 1093 urbs
675 1063 728 1092 illa
743 1063 873 1099 condita,
886 1072 980 1103 quam

85 1116 275 1147 quemquam
291 1107 442 1137 nobilium
459 1105 617 1136 Deorum:
636 1105 717 1147 apud
733 1116 809 1146 quos
824 1115 884 1135 non
896 1105 980 1135 inur-

84 1150 163 1179 bane
179 1149 366 1180 Stratonicus
388 1152 436 1184 (ut
457 1149 581 1187 multa),
598 1159 668 1179 cum
684 1149 809 1190 quidam
825 1148 852 1178 ei
868 1148 978 1178 moles-

84 1197 132 1222 tus
154 1192 357 1222 Alabandum
380 1193 484 1223 Deum
505 1203 568 1222 esse
588 1191 789 1229 confirmaret,
811 1189 980 1221 Herculem

83 1241 227 1275 negaret;
253 1238 275 1253 “
293 1235 413 1276 Ergo,''
436 1235 549 1276 inquit,
574 1235 687 1265 “mihi
706 1234 901 1273 Alabandus,
925 1233 981 1263 tibi

83 1276 244 1315 Hercules,
262 1278 300 1308 sit
315 1278 443 1308 iratusl'

127 1321 204 1351 XX.
228 1321 288 1351 Illa
303 1327 418 1358 autem,
443 1321 552 1357 Balbe,
576 1331 646 1362 quae
661 1326 695 1350 tu
711 1331 729 1351 a
744 1320 817 1351 coelo
832 1320 982 1360 astrisque

86 1362 228 1402 ducebas,
252 1375 346 1405 quam
370 1365 460 1404 longe
485 1370 617 1404 serpant,
645 1373 707 1393 non
729 1363 831 1394 vides:
863 1363 978 1400 Solem,

83 1405 190 1436 Deum
206 1417 278 1444 esse,
293 1407 489 1448 Lunamque,
505 1417 637 1447 quorum
653 1406 784 1437 alterum
796 1406 978 1446 Apollinem

83 1449 193 1487 Graeci,
211 1450 335 1480 alteram
352 1450 498 1486 Dianam,
514 1456 631 1490 putant.
656 1449 751 1487 Quod.
765 1449 789 1479 si
805 1449 896 1479 Luna
911 1448 979 1478 Dea

83 1498 146 1528 est3
172 1502 242 1533 ergo
257 1493 348 1523 etiam
365 1492 498 1529 Lucifer,
523 1499 697 1534 caeteraeque
714 1498 856 1529 errantes,
872 1501 980 1521 nume-

82 1544 152 1564 rum
176 1535 315 1566 Deorum
337 1535 526 1565 obtinebunt.
556 1536 658 1576 Igitur
682 1535 773 1565 etiam
799 1535 978 1564 inerrantes.

84 1578 148 1608 Cur
167 1584 269 1609 autem
284 1579 360 1609 Arci
376 1578 487 1619 species
507 1588 569 1608 non
586 1579 617 1608 in
633 1578 771 1608 Deorum
787 1587 915 1607 numero
930 1587 977 1607 re-

82 1627 213 1661 ponatur
226 1623 240 1652 ?
263 1628 307 1652 est
322 1622 402 1651 enim
418 1621 564 1662 pulcher3
579 1627 608 1651 et
623 1622 662 1651 ob
677 1631 744 1651 eam
756 1630 889 1657 causam,
906 1619 980 1660 quia

86 1664 216 1704 speciem
231 1665 323 1694 habet
341 1664 564 1701 admirabilem,
581 1663 778 1694 Thaumante
792 1663 903 1694 dicitur
917 1673 979 1693 esse

88 1712 186 1738 natus.
212 1706 309 1747 Cujus
324 1707 349 1739 si
369 1707 472 1738 divina
492 1713 601 1738 natura
621 1712 676 1747 est,
695 1706 770 1747 quid
785 1706 875 1737 facies
889 1705 979 1737 nubi-
