<?xml version="1.0" encoding="UTF-8"?>
<!DOCTYPE html PUBLIC "-//W3C//DTD XHTML 1.0 Transitional//EN"
    "http://www.w3.org/TR/xhtml1/DTD/xhtml1-transitional.dtd">
<html xmlns="http://www.w3.org/1999/xhtml" xml:lang="en" lang="en">
 <head>
  <title>
</title>
<meta http-equiv="Content-Type" content="text/html;charset=utf-8" />
  <meta name='ocr-system' content='tesseract 3.04.00' />
  <meta name='ocr-capabilities' content='ocr_page ocr_carea ocr_par ocr_line ocrx_word'/>
</head>
<body>
  <div class='ocr_page' id='page_1' title='image "./operaern03ciceuoft_0148.png"; bbox 0 0 1226 1935; ppageno 0'>
   <div class='ocr_carea' id='block_1_1' title="bbox 190 71 948 110">
    <p class='ocr_par' dir='ltr' id='par_1_1' title="bbox 190 71 948 110">
     <span class='ocr_line' id='line_1_1' title="bbox 190 71 948 110; baseline 0.003 -10"><span class='ocrx_word' id='word_1_1' title='bbox 190 71 251 101; x_wconf 80' lang='lat'><strong>134</strong></span> <span class='ocrx_word' id='word_1_2' title='bbox 318 71 445 102; x_wconf 86' lang='lat' dir='ltr'>TUSC.</span> <span class='ocrx_word' id='word_1_3' title='bbox 464 71 637 110; x_wconf 81' lang='lat' dir='ltr'><strong>QUAEST.</strong></span> <span class='ocrx_word' id='word_1_4' title='bbox 655 72 733 102; x_wconf 77' lang='lat' dir='ltr'><strong>Lm.</strong></span> <span class='ocrx_word' id='word_1_5' title='bbox 752 72 778 102; x_wconf 88' lang='grc' dir='ltr'><strong>Ι.</strong></span> <span class='ocrx_word' id='word_1_6' title='bbox 796 71 879 102; x_wconf 64' lang='lat' dir='ltr'><strong>Ciu».</strong></span> <span class='ocrx_word' id='word_1_7' title='bbox 896 72 948 103; x_wconf 84' lang='lat'><strong>31.</strong></span> 
     </span>
    </p>
   </div>
   <div class='ocr_carea' id='block_1_2' title="bbox 178 156 1074 1739">
    <p class='ocr_par' dir='ltr' id='par_1_2' title="bbox 178 156 1074 659">
     <span class='ocr_line' id='line_1_2' title="bbox 224 156 1073 196; baseline -0.001 -9"><span class='ocrx_word' id='word_1_8' title='bbox 224 156 284 187; x_wconf 89' lang='lat' dir='ltr'><strong>Sed</strong></span> <span class='ocrx_word' id='word_1_9' title='bbox 304 156 369 188; x_wconf 86' lang='lat' dir='ltr'><strong>haec</strong></span> <span class='ocrx_word' id='word_1_10' title='bbox 390 162 419 189; x_wconf 89' lang='lat' dir='ltr'><strong>et</strong></span> <span class='ocrx_word' id='word_1_11' title='bbox 441 164 551 196; x_wconf 80' lang='lat' dir='ltr'><strong>vetera,</strong></span> <span class='ocrx_word' id='word_1_12' title='bbox 568 164 598 189; x_wconf 85' lang='lat' dir='ltr'><strong>et</strong></span> <span class='ocrx_word' id='word_1_13' title='bbox 619 169 637 188; x_wconf 86' lang='lat' dir='ltr'><strong>a</strong></span> <span class='ocrx_word' id='word_1_14' title='bbox 659 157 782 188; x_wconf 80' lang='lat' dir='ltr'><strong>Graecis.</strong></span> <span class='ocrx_word' id='word_1_15' title='bbox 816 157 893 188; x_wconf 90' lang='lat' dir='ltr'><strong>Cato</strong></span> <span class='ocrx_word' id='word_1_16' title='bbox 911 162 1013 187; x_wconf 82' lang='lat' dir='ltr'><strong>autem</strong></span> <span class='ocrx_word' id='word_1_17' title='bbox 1032 156 1073 187; x_wconf 88' lang='lat' dir='ltr'><strong>sic</strong></span> 
     </span>
     <span class='ocr_line' id='line_1_3' title="bbox 181 199 1071 240; baseline 0 -11"><span class='ocrx_word' id='word_1_18' title='bbox 181 199 256 229; x_wconf 86' lang='lat' dir='ltr'><strong>abiit</strong></span> <span class='ocrx_word' id='word_1_19' title='bbox 271 211 287 230; x_wconf 88' lang='lat' dir='ltr'><strong>e</strong></span> <span class='ocrx_word' id='word_1_20' title='bbox 303 200 375 238; x_wconf 63' lang='lat' dir='ltr'><strong>vita,</strong></span> <span class='ocrx_word' id='word_1_21' title='bbox 392 207 426 231; x_wconf 81' lang='lat' dir='ltr'><strong>ut</strong></span> <span class='ocrx_word' id='word_1_22' title='bbox 439 211 561 231; x_wconf 87' lang='lat' dir='ltr'><strong>causam</strong></span> <span class='ocrx_word' id='word_1_23' title='bbox 571 201 719 231; x_wconf 87' lang='lat' dir='ltr'><strong>moriendi</strong></span> <span class='ocrx_word' id='word_1_24' title='bbox 734 207 857 230; x_wconf 86' lang='lat' dir='ltr'><strong>nactum</strong></span> <span class='ocrx_word' id='word_1_25' title='bbox 874 211 903 230; x_wconf 88' lang='lat' dir='ltr'><strong>se</strong></span> <span class='ocrx_word' id='word_1_26' title='bbox 919 210 980 230; x_wconf 84' lang='lat' dir='ltr'><strong>esse</strong></span> <span class='ocrx_word' id='word_1_27' title='bbox 995 211 1071 240; x_wconf 86' lang='lat' dir='ltr'><strong>gau-</strong></span> 
     </span>
     <span class='ocr_line' id='line_1_4' title="bbox 182 242 1071 281; baseline 0 -9"><span class='ocrx_word' id='word_1_28' title='bbox 182 242 274 273; x_wconf 87' lang='lat' dir='ltr'><strong>deret.</strong></span> <span class='ocrx_word' id='word_1_29' title='bbox 307 243 495 274; x_wconf 80' lang='lat' dir='ltr'><strong>Vetatenim</strong></span> <span class='ocrx_word' id='word_1_30' title='bbox 511 244 670 274; x_wconf 86' lang='lat' dir='ltr'><strong>dominans</strong></span> <span class='ocrx_word' id='word_1_31' title='bbox 690 244 741 273; x_wconf 83' lang='lat' dir='ltr'><strong>ille</strong></span> <span class='ocrx_word' id='word_1_32' title='bbox 761 244 792 273; x_wconf 89' lang='lat' dir='ltr'><strong>in</strong></span> <span class='ocrx_word' id='word_1_33' title='bbox 808 243 894 273; x_wconf 86' lang='lat' dir='ltr'><strong>nobis</strong></span> <span class='ocrx_word' id='word_1_34' title='bbox 910 242 1007 281; x_wconf 88' lang='lat' dir='ltr'><strong>Deus,</strong></span> <span class='ocrx_word' id='word_1_35' title='bbox 1024 243 1071 273; x_wconf 88' lang='lat' dir='ltr'><strong>in-</strong></span> 
     </span>
     <span class='ocr_line' id='line_1_5' title="bbox 178 285 1071 327; baseline 0 -12"><span class='ocrx_word' id='word_1_36' title='bbox 178 285 265 323; x_wconf 86' lang='lat' dir='ltr'><strong>jussu</strong></span> <span class='ocrx_word' id='word_1_37' title='bbox 290 286 361 317; x_wconf 86' lang='lat' dir='ltr'><strong>hinc</strong></span> <span class='ocrx_word' id='word_1_38' title='bbox 385 296 438 316; x_wconf 89' lang='lat' dir='ltr'><strong>nos</strong></span> <span class='ocrx_word' id='word_1_39' title='bbox 459 297 513 317; x_wconf 85' lang='lat' dir='ltr'><strong>suo</strong></span> <span class='ocrx_word' id='word_1_40' title='bbox 539 287 715 327; x_wconf 81' lang='lat' dir='ltr'>demigrare.</span> <span class='ocrx_word' id='word_1_41' title='bbox 749 286 830 316; x_wconf 88' lang='lat' dir='ltr'><strong>Cum</strong></span> <span class='ocrx_word' id='word_1_42' title='bbox 857 296 926 316; x_wconf 89' lang='lat' dir='ltr'><strong>vero</strong></span> <span class='ocrx_word' id='word_1_43' title='bbox 950 295 1071 316; x_wconf 88' lang='lat' dir='ltr'><strong>causam</strong></span> 
     </span>
     <span class='ocr_line' id='line_1_6' title="bbox 178 328 1072 369; baseline 0 -11"><span class='ocrx_word' id='word_1_44' title='bbox 178 329 295 366; x_wconf 87' lang='lat' dir='ltr'><strong>justam</strong></span> <span class='ocrx_word' id='word_1_45' title='bbox 311 329 396 359; x_wconf 90' lang='lat' dir='ltr'><strong>Deus</strong></span> <span class='ocrx_word' id='word_1_46' title='bbox 411 329 475 369; x_wconf 85' lang='lat' dir='ltr'><strong>ipse</strong></span> <span class='ocrx_word' id='word_1_47' title='bbox 490 329 615 366; x_wconf 75' lang='lat' dir='ltr'>dederit,</span> <span class='ocrx_word' id='word_1_48' title='bbox 632 336 666 360; x_wconf 89' lang='lat' dir='ltr'><strong>ut</strong></span> <span class='ocrx_word' id='word_1_49' title='bbox 681 336 753 360; x_wconf 86' lang='lat' dir='ltr'><strong>tuuc</strong></span> <span class='ocrx_word' id='word_1_50' title='bbox 769 329 894 366; x_wconf 79' lang='lat' dir='ltr'><strong>Socrati,</strong></span> <span class='ocrx_word' id='word_1_51' title='bbox 918 338 999 358; x_wconf 89' lang='lat' dir='ltr'><strong>nunc</strong></span> <span class='ocrx_word' id='word_1_52' title='bbox 1012 328 1072 358; x_wconf 81' lang='lat' dir='ltr'><strong>Ca-</strong></span> 
     </span>
     <span class='ocr_line' id='line_1_7' title="bbox 181 371 1068 413; baseline 0 -12"><span class='ocrx_word' id='word_1_53' title='bbox 181 371 256 409; x_wconf 88' lang='lat' dir='ltr'><strong>toni,</strong></span> <span class='ocrx_word' id='word_1_54' title='bbox 273 383 351 413; x_wconf 79' lang='lat' dir='ltr'><strong>saepe</strong></span> <span class='ocrx_word' id='word_1_55' title='bbox 360 372 464 402; x_wconf 82' lang='lat' dir='ltr'><strong>multis</strong></span> <span class='ocrx_word' id='word_1_56' title='bbox 478 384 487 408; x_wconf 87' lang='lat'>;</span> <span class='ocrx_word' id='word_1_57' title='bbox 512 383 558 403; x_wconf 82' lang='lat' dir='ltr'><strong>nae</strong></span> <span class='ocrx_word' id='word_1_58' title='bbox 570 373 632 410; x_wconf 88' lang='lat' dir='ltr'><strong>ille,</strong></span> <span class='ocrx_word' id='word_1_59' title='bbox 643 373 761 402; x_wconf 87' lang='lat' dir='ltr'><strong>medius</strong></span> <span class='ocrx_word' id='word_1_60' title='bbox 771 372 872 409; x_wconf 87' lang='lat' dir='ltr'><strong>fidius,</strong></span> <span class='ocrx_word' id='word_1_61' title='bbox 884 371 929 402; x_wconf 88' lang='lat' dir='ltr'><strong>vir</strong></span> <span class='ocrx_word' id='word_1_62' title='bbox 939 372 1068 412; x_wconf 84' lang='lat' dir='ltr'><strong>sapiens,</strong></span> 
     </span>
     <span class='ocr_line' id='line_1_8' title="bbox 181 414 1073 446; baseline 0.001 -3"><span class='ocrx_word' id='word_1_63' title='bbox 181 414 269 445; x_wconf 85' lang='lat' dir='ltr'><strong>laetus</strong></span> <span class='ocrx_word' id='word_1_64' title='bbox 286 425 322 445; x_wconf 85' lang='lat' dir='ltr'><strong>ex</strong></span> <span class='ocrx_word' id='word_1_65' title='bbox 338 415 385 444; x_wconf 83' lang='lat' dir='ltr'><strong>his</strong></span> <span class='ocrx_word' id='word_1_66' title='bbox 402 415 530 446; x_wconf 87' lang='lat' dir='ltr'><strong>tenebris</strong></span> <span class='ocrx_word' id='word_1_67' title='bbox 546 416 576 445; x_wconf 88' lang='lat' dir='ltr'><strong>in</strong></span> <span class='ocrx_word' id='word_1_68' title='bbox 593 416 691 446; x_wconf 89' lang='lat' dir='ltr'><strong>lucem</strong></span> <span class='ocrx_word' id='word_1_69' title='bbox 708 416 793 445; x_wconf 84' lang='lat' dir='ltr'><strong>illam</strong></span> <span class='ocrx_word' id='word_1_70' title='bbox 813 415 979 445; x_wconf 79' lang='lat' dir='ltr'><strong>excesserit.</strong></span> <span class='ocrx_word' id='word_1_71' title='bbox 1005 415 1035 444; x_wconf 85' lang='lat' dir='ltr'>N</span> <span class='ocrx_word' id='word_1_72' title='bbox 1040 424 1073 444; x_wconf 88' lang='lat' dir='ltr'><strong>ec</strong></span> 
     </span>
     <span class='ocr_line' id='line_1_9' title="bbox 182 457 1070 499; baseline 0 -13"><span class='ocrx_word' id='word_1_73' title='bbox 182 462 284 488; x_wconf 87' lang='lat' dir='ltr'><strong>tamen</strong></span> <span class='ocrx_word' id='word_1_74' title='bbox 300 458 353 488; x_wconf 86' lang='lat' dir='ltr'><strong>illa</strong></span> <span class='ocrx_word' id='word_1_75' title='bbox 365 458 463 488; x_wconf 86' lang='lat' dir='ltr'><strong>vincla</strong></span> <span class='ocrx_word' id='word_1_76' title='bbox 477 459 599 488; x_wconf 82' lang='lat' dir='ltr'><strong>carceris</strong></span> <span class='ocrx_word' id='word_1_77' title='bbox 615 458 729 499; x_wconf 84' lang='lat' dir='ltr'><strong>ruperit</strong></span> <span class='ocrx_word' id='word_1_78' title='bbox 741 469 748 488; x_wconf 91' lang='lat'><strong>:</strong></span> <span class='ocrx_word' id='word_1_79' title='bbox 772 458 853 498; x_wconf 78' lang='lat' dir='ltr'><strong>leges</strong></span> <span class='ocrx_word' id='word_1_80' title='bbox 868 457 948 487; x_wconf 88' lang='lat' dir='ltr'><strong>enim</strong></span> <span class='ocrx_word' id='word_1_81' title='bbox 959 463 1070 487; x_wconf 88' lang='lat' dir='ltr'><strong>vetant.</strong></span> 
     </span>
     <span class='ocr_line' id='line_1_10' title="bbox 182 500 1071 541; baseline -0.001 -11"><span class='ocrx_word' id='word_1_82' title='bbox 182 500 253 537; x_wconf 79' lang='lat' dir='ltr'><strong>Sed,</strong></span> <span class='ocrx_word' id='word_1_83' title='bbox 271 507 428 541; x_wconf 85' lang='lat' dir='ltr'><strong>tamquam</strong></span> <span class='ocrx_word' id='word_1_84' title='bbox 444 512 461 530; x_wconf 84' lang='lat' dir='ltr'><strong>a</strong></span> <span class='ocrx_word' id='word_1_85' title='bbox 474 502 652 541; x_wconf 85' lang='lat' dir='ltr'><strong>magistratu</strong></span> <span class='ocrx_word' id='word_1_86' title='bbox 669 506 722 531; x_wconf 85' lang='lat' dir='ltr'><strong>aut</strong></span> <span class='ocrx_word' id='word_1_87' title='bbox 744 502 782 530; x_wconf 91' lang='lat' dir='ltr'><strong>ab</strong></span> <span class='ocrx_word' id='word_1_88' title='bbox 803 501 906 540; x_wconf 58' lang='lat' dir='ltr'><strong>aliquit</strong></span> <span class='ocrx_word' id='word_1_89' title='bbox 926 506 1071 540; x_wconf 84' lang='lat' dir='ltr'><strong>potestate</strong></span> 
     </span>
     <span class='ocr_line' id='line_1_11' title="bbox 183 542 1071 583; baseline 0.001 -12"><span class='ocrx_word' id='word_1_90' title='bbox 183 542 331 582; x_wconf 60' lang='lat' dir='ltr'><strong>legitima,</strong></span> <span class='ocrx_word' id='word_1_91' title='bbox 350 544 390 573; x_wconf 89' lang='lat' dir='ltr'><strong>sie</strong></span> <span class='ocrx_word' id='word_1_92' title='bbox 408 555 426 573; x_wconf 88' lang='lat' dir='ltr'><strong>a</strong></span> <span class='ocrx_word' id='word_1_93' title='bbox 442 543 509 574; x_wconf 85' lang='lat' dir='ltr'><strong>Deo</strong></span> <span class='ocrx_word' id='word_1_94' title='bbox 530 550 668 574; x_wconf 84' lang='lat' dir='ltr'><strong>evocatus</strong></span> <span class='ocrx_word' id='word_1_95' title='bbox 687 549 778 583; x_wconf 83' lang='lat' dir='ltr'><strong>atque</strong></span> <span class='ocrx_word' id='word_1_96' title='bbox 799 543 935 579; x_wconf 88' lang='lat' dir='ltr'><strong>emissus,</strong></span> <span class='ocrx_word' id='word_1_97' title='bbox 956 543 1071 573; x_wconf 70' lang='lat' dir='ltr'><strong>exierit.</strong></span> 
     </span>
     <span class='ocr_line' id='line_1_12' title="bbox 182 585 1074 627; baseline 0 -12"><span class='ocrx_word' id='word_1_98' title='bbox 182 585 264 615; x_wconf 80' lang='lat' dir='ltr'><strong>Tota</strong></span> <span class='ocrx_word' id='word_1_99' title='bbox 287 587 368 616; x_wconf 88' lang='lat' dir='ltr'><strong>enim</strong></span> <span class='ocrx_word' id='word_1_100' title='bbox 393 587 644 627; x_wconf 89' lang='lat' dir='ltr'><strong>philosophorum</strong></span> <span class='ocrx_word' id='word_1_101' title='bbox 669 586 741 625; x_wconf 85' lang='lat' dir='ltr'><strong>vita,</strong></span> <span class='ocrx_word' id='word_1_102' title='bbox 758 592 792 616; x_wconf 89' lang='lat' dir='ltr'><strong>ut</strong></span> <span class='ocrx_word' id='word_1_103' title='bbox 814 586 855 616; x_wconf 84' lang='lat' dir='ltr'><strong>ait</strong></span> <span class='ocrx_word' id='word_1_104' title='bbox 877 586 970 623; x_wconf 88' lang='lat' dir='ltr'><strong>idem,</strong></span> <span class='ocrx_word' id='word_1_105' title='bbox 992 596 1074 616; x_wconf 87' lang='lat' dir='ltr'><strong>com-</strong></span> 
     </span>
     <span class='ocr_line' id='line_1_13' title="bbox 181 629 515 659; baseline 0 -1"><span class='ocrx_word' id='word_1_106' title='bbox 181 629 327 658; x_wconf 83' lang='lat' dir='ltr'><strong>mentatio</strong></span> <span class='ocrx_word' id='word_1_107' title='bbox 342 629 447 659; x_wconf 85' lang='lat' dir='ltr'><strong>mortis</strong></span> <span class='ocrx_word' id='word_1_108' title='bbox 463 635 515 659; x_wconf 87' lang='lat' dir='ltr'><strong>est.</strong></span> 
     </span>
    </p>

    <p class='ocr_par' dir='ltr' id='par_1_3' title="bbox 180 671 1074 1441">
     <span class='ocr_line' id='line_1_14' title="bbox 224 671 1071 712; baseline -0.001 -11"><span class='ocrx_word' id='word_1_109' title='bbox 224 671 353 701; x_wconf 85' lang='lat' dir='ltr'>XXXI.</span> <span class='ocrx_word' id='word_1_110' title='bbox 378 672 463 701; x_wconf 83' lang='lat' dir='ltr'><strong>Nam</strong></span> <span class='ocrx_word' id='word_1_111' title='bbox 488 671 562 712; x_wconf 90' lang='lat' dir='ltr'><strong>quid</strong></span> <span class='ocrx_word' id='word_1_112' title='bbox 581 672 665 701; x_wconf 87' lang='lat' dir='ltr'><strong>aliud</strong></span> <span class='ocrx_word' id='word_1_113' title='bbox 683 671 813 712; x_wconf 84' lang='lat' dir='ltr'><strong>agimus,</strong></span> <span class='ocrx_word' id='word_1_114' title='bbox 831 681 901 702; x_wconf 86' lang='lat' dir='ltr'><strong>cum</strong></span> <span class='ocrx_word' id='word_1_115' title='bbox 924 681 943 701; x_wconf 87' lang='lat' dir='ltr'><strong>a</strong></span> <span class='ocrx_word' id='word_1_116' title='bbox 963 671 1071 711; x_wconf 83' lang='lat' dir='ltr'>volup-</span> 
     </span>
     <span class='ocr_line' id='line_1_15' title="bbox 181 714 1072 755; baseline 0 -11"><span class='ocrx_word' id='word_1_117' title='bbox 181 719 254 751; x_wconf 85' lang='lat' dir='ltr'><strong>tate,</strong></span> <span class='ocrx_word' id='word_1_118' title='bbox 281 714 311 743; x_wconf 87' lang='lat' dir='ltr'><strong>id</strong></span> <span class='ocrx_word' id='word_1_119' title='bbox 327 720 381 751; x_wconf 85' lang='lat' dir='ltr'><strong>est,</strong></span> <span class='ocrx_word' id='word_1_120' title='bbox 403 725 421 744; x_wconf 85' lang='lat' dir='ltr'><strong>a</strong></span> <span class='ocrx_word' id='word_1_121' title='bbox 442 725 574 755; x_wconf 80' lang='lat' dir='ltr'><strong>corpore,</strong></span> <span class='ocrx_word' id='word_1_122' title='bbox 591 725 661 744; x_wconf 90' lang='lat' dir='ltr'><strong>cum</strong></span> <span class='ocrx_word' id='word_1_123' title='bbox 677 726 694 745; x_wconf 87' lang='lat' dir='ltr'><strong>a</strong></span> <span class='ocrx_word' id='word_1_124' title='bbox 709 726 740 745; x_wconf 91' lang='lat' dir='ltr'><strong>re</strong></span> <span class='ocrx_word' id='word_1_125' title='bbox 758 714 912 750; x_wconf 71' lang='lat' dir='ltr'>familiari,</span> <span class='ocrx_word' id='word_1_126' title='bbox 939 725 1007 754; x_wconf 83' lang='lat' dir='ltr'><strong>quae</strong></span> <span class='ocrx_word' id='word_1_127' title='bbox 1028 720 1072 744; x_wconf 83' lang='lat' dir='ltr'><strong>est</strong></span> 
     </span>
     <span class='ocr_line' id='line_1_16' title="bbox 182 757 1074 798; baseline 0 -12"><span class='ocrx_word' id='word_1_128' title='bbox 182 757 320 787; x_wconf 84' lang='lat' dir='ltr'><strong>ministra</strong></span> <span class='ocrx_word' id='word_1_129' title='bbox 336 763 364 787; x_wconf 88' lang='lat' dir='ltr'><strong>et</strong></span> <span class='ocrx_word' id='word_1_130' title='bbox 381 757 496 787; x_wconf 66' lang='lat' dir='ltr'><strong>stimula</strong></span> <span class='ocrx_word' id='word_1_131' title='bbox 511 758 652 798; x_wconf 89' lang='lat' dir='ltr'><strong>corporis,</strong></span> <span class='ocrx_word' id='word_1_132' title='bbox 669 768 739 788; x_wconf 89' lang='lat' dir='ltr'><strong>cum</strong></span> <span class='ocrx_word' id='word_1_133' title='bbox 755 769 773 787; x_wconf 87' lang='lat' dir='ltr'><strong>a</strong></span> <span class='ocrx_word' id='word_1_134' title='bbox 788 758 952 798; x_wconf 72' lang='lat' dir='ltr'><strong>republica,</strong></span> <span class='ocrx_word' id='word_1_135' title='bbox 970 767 1040 786; x_wconf 91' lang='lat' dir='ltr'><strong>cum</strong></span> <span class='ocrx_word' id='word_1_136' title='bbox 1055 768 1074 786; x_wconf 89' lang='lat' dir='ltr'><strong>a</strong></span> 
     </span>
     <span class='ocr_line' id='line_1_17' title="bbox 182 800 1071 841; baseline 0 -11"><span class='ocrx_word' id='word_1_137' title='bbox 182 800 302 840; x_wconf 84' lang='lat' dir='ltr'><strong>negotio</strong></span> <span class='ocrx_word' id='word_1_138' title='bbox 323 800 418 837; x_wconf 82' lang='lat' dir='ltr'><strong>omni,</strong></span> <span class='ocrx_word' id='word_1_139' title='bbox 436 811 609 830; x_wconf 85' lang='lat' dir='ltr'><strong>sevocamus</strong></span> <span class='ocrx_word' id='word_1_140' title='bbox 631 801 796 830; x_wconf 79' lang='lat' dir='ltr'><strong>animum?</strong></span> <span class='ocrx_word' id='word_1_141' title='bbox 831 801 916 841; x_wconf 86' lang='lat' dir='ltr'><strong>quid,</strong></span> <span class='ocrx_word' id='word_1_142' title='bbox 932 800 1071 840; x_wconf 81' lang='lat' dir='ltr'><strong>inquam,</strong></span> 
     </span>
     <span class='ocr_line' id='line_1_18' title="bbox 182 843 1070 885; baseline 0 -13"><span class='ocrx_word' id='word_1_143' title='bbox 182 848 249 885; x_wconf 69' lang='lat' dir='ltr'><strong>tum</strong></span> <span class='ocrx_word' id='word_1_144' title='bbox 274 843 404 883; x_wconf 75' lang='lat' dir='ltr'><strong>agimus,</strong></span> <span class='ocrx_word' id='word_1_145' title='bbox 421 843 479 873; x_wconf 87' lang='lat' dir='ltr'><strong>nisi</strong></span> <span class='ocrx_word' id='word_1_146' title='bbox 505 843 643 873; x_wconf 88' lang='lat' dir='ltr'><strong>animum</strong></span> <span class='ocrx_word' id='word_1_147' title='bbox 661 843 699 873; x_wconf 87' lang='lat' dir='ltr'><strong>ad</strong></span> <span class='ocrx_word' id='word_1_148' title='bbox 723 844 854 883; x_wconf 85' lang='lat' dir='ltr'><strong>seipsum</strong></span> <span class='ocrx_word' id='word_1_149' title='bbox 877 843 1070 879; x_wconf 72' lang='lat' dir='ltr'>advocamus,</span> 
     </span>
     <span class='ocr_line' id='line_1_19' title="bbox 181 885 1071 926; baseline 0 -11"><span class='ocrx_word' id='word_1_150' title='bbox 181 896 283 916; x_wconf 88' lang='lat' dir='ltr'><strong>secum</strong></span> <span class='ocrx_word' id='word_1_151' title='bbox 300 896 361 915; x_wconf 83' lang='lat' dir='ltr'><strong>esse</strong></span> <span class='ocrx_word' id='word_1_152' title='bbox 376 887 523 926; x_wconf 84' lang='lat' dir='ltr'><strong>cogimus,</strong></span> <span class='ocrx_word' id='word_1_153' title='bbox 545 886 739 926; x_wconf 75' lang='lat' dir='ltr'><strong>maximeque</strong></span> <span class='ocrx_word' id='word_1_154' title='bbox 765 897 783 915; x_wconf 85' lang='lat' dir='ltr'><strong>a</strong></span> <span class='ocrx_word' id='word_1_155' title='bbox 802 896 923 926; x_wconf 83' lang='lat' dir='ltr'><strong>corpore</strong></span> <span class='ocrx_word' id='word_1_156' title='bbox 946 885 1071 915; x_wconf 85' lang='lat' dir='ltr'><strong>abduci-</strong></span> 
     </span>
     <span class='ocr_line' id='line_1_20' title="bbox 180 928 1070 969; baseline -0.001 -11"><span class='ocrx_word' id='word_1_157' title='bbox 180 939 250 959; x_wconf 91' lang='lat' dir='ltr'><strong>mus</strong></span> <span class='ocrx_word' id='word_1_158' title='bbox 262 930 275 959; x_wconf 70' lang='grc' dir='ltr'><em>Ρ</em></span> <span class='ocrx_word' id='word_1_159' title='bbox 300 931 457 959; x_wconf 71' lang='lat' dir='ltr'><strong>Secernere</strong></span> <span class='ocrx_word' id='word_1_160' title='bbox 469 935 571 958; x_wconf 85' lang='lat' dir='ltr'><strong>autem</strong></span> <span class='ocrx_word' id='word_1_161' title='bbox 587 940 604 958; x_wconf 84' lang='lat' dir='ltr'><strong>a</strong></span> <span class='ocrx_word' id='word_1_162' title='bbox 619 939 740 969; x_wconf 86' lang='lat' dir='ltr'><strong>corpore</strong></span> <span class='ocrx_word' id='word_1_163' title='bbox 752 929 902 964; x_wconf 85' lang='lat' dir='ltr'><strong>animum,</strong></span> <span class='ocrx_word' id='word_1_164' title='bbox 914 939 967 958; x_wconf 89' lang='lat' dir='ltr'><strong>nec</strong></span> <span class='ocrx_word' id='word_1_165' title='bbox 980 928 1070 968; x_wconf 89' lang='lat' dir='ltr'><strong>quid-</strong></span> 
     </span>
     <span class='ocr_line' id='line_1_21' title="bbox 182 971 1072 1012; baseline -0.002 -10"><span class='ocrx_word' id='word_1_166' title='bbox 182 982 276 1012; x_wconf 83' lang='lat' dir='ltr'><strong>quam</strong></span> <span class='ocrx_word' id='word_1_167' title='bbox 302 971 385 1002; x_wconf 87' lang='lat' dir='ltr'><strong>aliud</strong></span> <span class='ocrx_word' id='word_1_168' title='bbox 409 977 463 1009; x_wconf 86' lang='lat' dir='ltr'><strong>est,</strong></span> <span class='ocrx_word' id='word_1_169' title='bbox 491 982 584 1011; x_wconf 89' lang='lat' dir='ltr'><strong>quam</strong></span> <span class='ocrx_word' id='word_1_170' title='bbox 610 972 703 1002; x_wconf 89' lang='lat' dir='ltr'><strong>emori</strong></span> <span class='ocrx_word' id='word_1_171' title='bbox 728 972 848 1001; x_wconf 83' lang='lat' dir='ltr'><strong>discere.</strong></span> <span class='ocrx_word' id='word_1_172' title='bbox 888 972 992 1008; x_wconf 80' lang='lat' dir='ltr'><strong>Quare</strong></span> <span class='ocrx_word' id='word_1_173' title='bbox 1015 971 1072 1001; x_wconf 90' lang='lat' dir='ltr'><strong>hoc</strong></span> 
     </span>
     <span class='ocr_line' id='line_1_22' title="bbox 182 1014 1073 1054; baseline -0.002 -9"><span class='ocrx_word' id='word_1_174' title='bbox 182 1020 433 1051; x_wconf 77' lang='lat' dir='ltr'><strong>commentemur,</strong></span> <span class='ocrx_word' id='word_1_175' title='bbox 456 1014 532 1044; x_wconf 89' lang='lat' dir='ltr'><strong>mihi</strong></span> <span class='ocrx_word' id='word_1_176' title='bbox 553 1014 657 1050; x_wconf 77' lang='lat' dir='ltr'><strong>crede3</strong></span> <span class='ocrx_word' id='word_1_177' title='bbox 682 1014 954 1054; x_wconf 83' lang='lat' dir='ltr'><strong>disjungamusque</strong></span> <span class='ocrx_word' id='word_1_178' title='bbox 977 1024 1031 1044; x_wconf 88' lang='lat' dir='ltr'><strong>nos</strong></span> <span class='ocrx_word' id='word_1_179' title='bbox 1054 1025 1073 1044; x_wconf 85' lang='lat' dir='ltr'><strong>a</strong></span> 
     </span>
     <span class='ocr_line' id='line_1_23' title="bbox 181 1057 1071 1098; baseline -0.001 -11"><span class='ocrx_word' id='word_1_180' title='bbox 181 1057 355 1098; x_wconf 89' lang='lat' dir='ltr'><strong>corporibus</strong></span> <span class='ocrx_word' id='word_1_181' title='bbox 367 1068 375 1093; x_wconf 78' lang='grc' dir='ltr'><strong>ς</strong></span> <span class='ocrx_word' id='word_1_182' title='bbox 400 1057 432 1087; x_wconf 93' lang='lat' dir='ltr'><strong>id</strong></span> <span class='ocrx_word' id='word_1_183' title='bbox 448 1063 502 1093; x_wconf 89' lang='lat' dir='ltr'><strong>est,</strong></span> <span class='ocrx_word' id='word_1_184' title='bbox 514 1067 742 1087; x_wconf 84' lang='lat' dir='ltr'><strong>consuescamus</strong></span> <span class='ocrx_word' id='word_1_185' title='bbox 752 1057 838 1086; x_wconf 87' lang='lat' dir='ltr'><strong>mori.</strong></span> <span class='ocrx_word' id='word_1_186' title='bbox 865 1057 934 1086; x_wconf 89' lang='lat' dir='ltr'><strong>Hoc</strong></span> <span class='ocrx_word' id='word_1_187' title='bbox 945 1063 984 1094; x_wconf 90' lang='lat' dir='ltr'><strong>et,</strong></span> <span class='ocrx_word' id='word_1_188' title='bbox 997 1057 1071 1086; x_wconf 87' lang='lat' dir='ltr'><strong>dum</strong></span> 
     </span>
     <span class='ocr_line' id='line_1_24' title="bbox 182 1099 1072 1137; baseline -0.001 -7"><span class='ocrx_word' id='word_1_189' title='bbox 182 1100 295 1130; x_wconf 87' lang='lat' dir='ltr'><strong>erimus</strong></span> <span class='ocrx_word' id='word_1_190' title='bbox 310 1101 341 1130; x_wconf 89' lang='lat' dir='ltr'><strong>in</strong></span> <span class='ocrx_word' id='word_1_191' title='bbox 357 1101 454 1137; x_wconf 88' lang='lat' dir='ltr'><strong>terris,</strong></span> <span class='ocrx_word' id='word_1_192' title='bbox 472 1100 527 1129; x_wconf 88' lang='lat' dir='ltr'><strong>erit</strong></span> <span class='ocrx_word' id='word_1_193' title='bbox 542 1100 587 1129; x_wconf 90' lang='lat' dir='ltr'><strong>illi</strong></span> <span class='ocrx_word' id='word_1_194' title='bbox 603 1100 713 1130; x_wconf 70' lang='lat' dir='ltr'><strong>coelesti</strong></span> <span class='ocrx_word' id='word_1_195' title='bbox 729 1100 798 1130; x_wconf 80' lang='lat' dir='ltr'><strong>vitae</strong></span> <span class='ocrx_word' id='word_1_196' title='bbox 810 1099 926 1129; x_wconf 87' lang='lat' dir='ltr'><strong>simile:</strong></span> <span class='ocrx_word' id='word_1_197' title='bbox 951 1105 990 1136; x_wconf 85' lang='lat' dir='ltr'><strong>et,</strong></span> <span class='ocrx_word' id='word_1_198' title='bbox 1002 1110 1072 1129; x_wconf 88' lang='lat' dir='ltr'><strong>cum</strong></span> 
     </span>
     <span class='ocr_line' id='line_1_25' title="bbox 181 1142 1074 1180; baseline -0.001 -7"><span class='ocrx_word' id='word_1_199' title='bbox 181 1143 254 1173; x_wconf 87' lang='lat' dir='ltr'><strong>illuc</strong></span> <span class='ocrx_word' id='word_1_200' title='bbox 270 1154 307 1173; x_wconf 81' lang='lat' dir='ltr'><strong>ex</strong></span> <span class='ocrx_word' id='word_1_201' title='bbox 323 1142 369 1173; x_wconf 90' lang='lat' dir='ltr'><strong>his</strong></span> <span class='ocrx_word' id='word_1_202' title='bbox 382 1143 509 1173; x_wconf 88' lang='lat' dir='ltr'><strong>vinculis</strong></span> <span class='ocrx_word' id='word_1_203' title='bbox 522 1143 621 1173; x_wconf 85' lang='lat' dir='ltr'><strong>emissi</strong></span> <span class='ocrx_word' id='word_1_204' title='bbox 634 1143 776 1180; x_wconf 85' lang='lat' dir='ltr'><strong>feremur,</strong></span> <span class='ocrx_word' id='word_1_205' title='bbox 790 1143 892 1172; x_wconf 88' lang='lat' dir='ltr'><strong>minus</strong></span> <span class='ocrx_word' id='word_1_206' title='bbox 905 1142 1074 1172; x_wconf 84' lang='lat' dir='ltr'><strong>tardabitur</strong></span> 
     </span>
     <span class='ocr_line' id='line_1_26' title="bbox 182 1185 1074 1226; baseline -0.002 -10"><span class='ocrx_word' id='word_1_207' title='bbox 182 1196 286 1217; x_wconf 88' lang='lat' dir='ltr'><strong>cursus</strong></span> <span class='ocrx_word' id='word_1_208' title='bbox 298 1186 491 1215; x_wconf 82' lang='lat' dir='ltr'><strong>animorum:</strong></span> <span class='ocrx_word' id='word_1_209' title='bbox 517 1189 601 1219; x_wconf 76' lang='lat' dir='ltr'><strong>(nam</strong></span> <span class='ocrx_word' id='word_1_210' title='bbox 618 1186 671 1226; x_wconf 91' lang='lat' dir='ltr'><strong>qui</strong></span> <span class='ocrx_word' id='word_1_211' title='bbox 686 1186 717 1215; x_wconf 92' lang='lat' dir='ltr'><strong>in</strong></span> <span class='ocrx_word' id='word_1_212' title='bbox 733 1185 927 1225; x_wconf 88' lang='lat' dir='ltr'><strong>compedibus</strong></span> <span class='ocrx_word' id='word_1_213' title='bbox 943 1185 1074 1225; x_wconf 81' lang='lat' dir='ltr'><strong>corporis</strong></span> 
     </span>
     <span class='ocr_line' id='line_1_27' title="bbox 181 1227 1072 1269; baseline -0.001 -11"><span class='ocrx_word' id='word_1_214' title='bbox 181 1239 300 1269; x_wconf 88' lang='lat' dir='ltr'><strong>semper</strong></span> <span class='ocrx_word' id='word_1_215' title='bbox 315 1228 449 1265; x_wconf 85' lang='lat' dir='ltr'><strong>fuerunt,</strong></span> <span class='ocrx_word' id='word_1_216' title='bbox 474 1228 564 1259; x_wconf 86' lang='lat' dir='ltr'><strong>etiam</strong></span> <span class='ocrx_word' id='word_1_217' title='bbox 586 1239 655 1259; x_wconf 89' lang='lat' dir='ltr'><strong>cum</strong></span> <span class='ocrx_word' id='word_1_218' title='bbox 677 1228 767 1258; x_wconf 87' lang='lat' dir='ltr'><strong>soluti</strong></span> <span class='ocrx_word' id='word_1_219' title='bbox 788 1234 868 1265; x_wconf 86' lang='lat' dir='ltr'><strong>sunt,</strong></span> <span class='ocrx_word' id='word_1_220' title='bbox 890 1227 1004 1258; x_wconf 87' lang='lat' dir='ltr'><strong>tardius</strong></span> <span class='ocrx_word' id='word_1_221' title='bbox 1024 1228 1072 1257; x_wconf 90' lang='lat' dir='ltr'><strong>in-</strong></span> 
     </span>
     <span class='ocr_line' id='line_1_28' title="bbox 181 1270 1072 1312; baseline -0.001 -11"><span class='ocrx_word' id='word_1_222' title='bbox 181 1271 372 1312; x_wconf 87' lang='lat' dir='ltr'><strong>grediuntur,</strong></span> <span class='ocrx_word' id='word_1_223' title='bbox 398 1277 433 1301; x_wconf 92' lang='lat' dir='ltr'><strong>ut</strong></span> <span class='ocrx_word' id='word_1_224' title='bbox 448 1271 480 1309; x_wconf 84' lang='lat' dir='ltr'><strong>ii,</strong></span> <span class='ocrx_word' id='word_1_225' title='bbox 498 1271 551 1312; x_wconf 88' lang='lat' dir='ltr'><strong>qui</strong></span> <span class='ocrx_word' id='word_1_226' title='bbox 566 1271 645 1301; x_wconf 90' lang='lat' dir='ltr'><strong>ferro</strong></span> <span class='ocrx_word' id='word_1_227' title='bbox 661 1271 752 1302; x_wconf 87' lang='lat' dir='ltr'><strong>vincti</strong></span> <span class='ocrx_word' id='word_1_228' title='bbox 767 1271 880 1301; x_wconf 85' lang='lat' dir='ltr'><strong>multos</strong></span> <span class='ocrx_word' id='word_1_229' title='bbox 895 1281 989 1301; x_wconf 87' lang='lat' dir='ltr'><strong>annos</strong></span> <span class='ocrx_word' id='word_1_230' title='bbox 1004 1270 1072 1301; x_wconf 90' lang='lat' dir='ltr'><strong>fue-</strong></span> 
     </span>
     <span class='ocr_line' id='line_1_29' title="bbox 181 1313 1067 1355; baseline -0.001 -11"><span class='ocrx_word' id='word_1_231' title='bbox 181 1320 266 1351; x_wconf 88' lang='lat' dir='ltr'><strong>runt)</strong></span> <span class='ocrx_word' id='word_1_232' title='bbox 290 1325 351 1355; x_wconf 92' lang='lat' dir='ltr'><strong>quo</strong></span> <span class='ocrx_word' id='word_1_233' title='bbox 377 1325 449 1344; x_wconf 88' lang='lat' dir='ltr'><strong>cum</strong></span> <span class='ocrx_word' id='word_1_234' title='bbox 473 1314 654 1352; x_wconf 83' lang='lat' dir='ltr'><strong>venerimus,</strong></span> <span class='ocrx_word' id='word_1_235' title='bbox 677 1320 743 1344; x_wconf 89' lang='lat' dir='ltr'><strong>tum</strong></span> <span class='ocrx_word' id='word_1_236' title='bbox 767 1314 898 1354; x_wconf 87' lang='lat' dir='ltr'><strong>denique</strong></span> <span class='ocrx_word' id='word_1_237' title='bbox 920 1313 1067 1344; x_wconf 86' lang='lat' dir='ltr'><strong>vivemus.</strong></span> 
     </span>
     <span class='ocr_line' id='line_1_30' title="bbox 182 1356 1072 1398; baseline -0.001 -11"><span class='ocrx_word' id='word_1_238' title='bbox 182 1357 267 1390; x_wconf 83' lang='lat' dir='ltr'><strong>Nam</strong></span> <span class='ocrx_word' id='word_1_239' title='bbox 293 1358 357 1387; x_wconf 83' lang='lat' dir='ltr'><strong>haec</strong></span> <span class='ocrx_word' id='word_1_240' title='bbox 380 1357 504 1397; x_wconf 86' lang='lat' dir='ltr'><strong>quidem</strong></span> <span class='ocrx_word' id='word_1_241' title='bbox 526 1357 588 1388; x_wconf 88' lang='lat' dir='ltr'><strong>vita</strong></span> <span class='ocrx_word' id='word_1_242' title='bbox 609 1367 690 1388; x_wconf 87' lang='lat' dir='ltr'><strong>mors</strong></span> <span class='ocrx_word' id='word_1_243' title='bbox 709 1362 771 1387; x_wconf 86' lang='lat' dir='ltr'><strong>est:</strong></span> <span class='ocrx_word' id='word_1_244' title='bbox 796 1367 890 1398; x_wconf 84' lang='lat' dir='ltr'><strong>quam</strong></span> <span class='ocrx_word' id='word_1_245' title='bbox 910 1356 1072 1387; x_wconf 85' lang='lat' dir='ltr'><strong>lamentari</strong></span> 
     </span>
     <span class='ocr_line' id='line_1_31' title="bbox 181 1400 483 1441; baseline 0 -11"><span class='ocrx_word' id='word_1_246' title='bbox 181 1410 311 1441; x_wconf 86' lang='lat' dir='ltr'><strong>possem,</strong></span> <span class='ocrx_word' id='word_1_247' title='bbox 329 1401 354 1430; x_wconf 91' lang='lat' dir='ltr'><strong>si</strong></span> <span class='ocrx_word' id='word_1_248' title='bbox 368 1400 483 1433; x_wconf 85' lang='lat' dir='ltr'><strong>liberet.</strong></span> 
     </span>
    </p>

    <p class='ocr_par' dir='ltr' id='par_1_4' title="bbox 180 1442 1072 1739">
     <span class='ocr_line' id='line_1_32' title="bbox 224 1442 1071 1484; baseline 0 -12"><span class='ocrx_word' id='word_1_249' title='bbox 224 1443 371 1473; x_wconf 63' lang='lat' dir='ltr'><strong>Auditor.</strong></span> <span class='ocrx_word' id='word_1_250' title='bbox 404 1443 483 1474; x_wconf 80' lang='lat' dir='ltr'><strong>Satis</strong></span> <span class='ocrx_word' id='word_1_251' title='bbox 504 1443 627 1484; x_wconf 87' lang='lat' dir='ltr'><strong>quidem</strong></span> <span class='ocrx_word' id='word_1_252' title='bbox 650 1449 683 1473; x_wconf 91' lang='lat' dir='ltr'><strong>tu</strong></span> <span class='ocrx_word' id='word_1_253' title='bbox 702 1442 733 1473; x_wconf 91' lang='lat' dir='ltr'><strong>in</strong></span> <span class='ocrx_word' id='word_1_254' title='bbox 750 1444 772 1461; x_wconf 73' lang='lat'><strong>⁴⁶</strong></span> <span class='ocrx_word' id='word_1_255' title='bbox 790 1442 1023 1473; x_wconf 88' lang='lat' dir='ltr'><strong>Consolatione&#39;&#39;</strong></span> <span class='ocrx_word' id='word_1_256' title='bbox 1040 1453 1071 1472; x_wconf 93' lang='lat' dir='ltr'><strong>es</strong></span> 
     </span>
     <span class='ocr_line' id='line_1_33' title="bbox 180 1485 1072 1527; baseline 0 -12"><span class='ocrx_word' id='word_1_257' title='bbox 180 1486 364 1516; x_wconf 83' lang='lat' dir='ltr'><strong>lamentatus</strong></span> <span class='ocrx_word' id='word_1_258' title='bbox 378 1497 386 1516; x_wconf 68' lang='grc' dir='ltr'><strong><em>ε</em></strong></span> <span class='ocrx_word' id='word_1_259' title='bbox 411 1497 504 1527; x_wconf 87' lang='lat' dir='ltr'><strong>quam</strong></span> <span class='ocrx_word' id='word_1_260' title='bbox 520 1496 590 1516; x_wconf 88' lang='lat' dir='ltr'><strong>cum</strong></span> <span class='ocrx_word' id='word_1_261' title='bbox 605 1487 684 1526; x_wconf 84' lang='lat' dir='ltr'><strong>lego,</strong></span> <span class='ocrx_word' id='word_1_262' title='bbox 701 1486 777 1516; x_wconf 85' lang='lat' dir='ltr'>nihil</span> <span class='ocrx_word' id='word_1_263' title='bbox 798 1487 891 1523; x_wconf 91' lang='lat' dir='ltr'><strong>malo,</strong></span> <span class='ocrx_word' id='word_1_264' title='bbox 908 1495 1002 1526; x_wconf 85' lang='lat' dir='ltr'><strong>quam</strong></span> <span class='ocrx_word' id='word_1_265' title='bbox 1017 1485 1072 1516; x_wconf 86' lang='lat' dir='ltr'><strong>has</strong></span> 
     </span>
     <span class='ocr_line' id='line_1_34' title="bbox 182 1528 1068 1570; baseline -0.001 -12"><span class='ocrx_word' id='word_1_266' title='bbox 182 1539 228 1559; x_wconf 87' lang='lat' dir='ltr'><strong>res</strong></span> <span class='ocrx_word' id='word_1_267' title='bbox 242 1529 432 1570; x_wconf 77' lang='lat' dir='ltr'><strong>relinquere3</strong></span> <span class='ocrx_word' id='word_1_268' title='bbox 456 1529 503 1559; x_wconf 88' lang='lat' dir='ltr'><strong>his</strong></span> <span class='ocrx_word' id='word_1_269' title='bbox 518 1539 588 1560; x_wconf 88' lang='lat' dir='ltr'><strong>vero</strong></span> <span class='ocrx_word' id='word_1_270' title='bbox 603 1529 694 1559; x_wconf 85' lang='lat' dir='ltr'><strong>modo</strong></span> <span class='ocrx_word' id='word_1_271' title='bbox 709 1529 830 1565; x_wconf 84' lang='lat' dir='ltr'><strong>auditis,</strong></span> <span class='ocrx_word' id='word_1_272' title='bbox 847 1529 945 1558; x_wconf 90' lang='lat' dir='ltr'><strong>multo</strong></span> <span class='ocrx_word' id='word_1_273' title='bbox 960 1528 1068 1568; x_wconf 75' lang='lat' dir='ltr'><strong>magis.</strong></span> 
     </span>
     <span class='ocr_line' id='line_1_35' title="bbox 183 1571 1072 1612; baseline 0 -11"><span class='ocrx_word' id='word_1_274' title='bbox 183 1572 326 1601; x_wconf 71' lang='lat' dir='ltr'><strong>Marcus.</strong></span> <span class='ocrx_word' id='word_1_275' title='bbox 351 1572 463 1603; x_wconf 86' lang='lat' dir='ltr'><strong>Veniet</strong></span> <span class='ocrx_word' id='word_1_276' title='bbox 478 1578 609 1612; x_wconf 84' lang='lat' dir='ltr'><strong>tempus,</strong></span> <span class='ocrx_word' id='word_1_277' title='bbox 623 1577 651 1602; x_wconf 85' lang='lat' dir='ltr'><strong>et</strong></span> <span class='ocrx_word' id='word_1_278' title='bbox 666 1572 790 1612; x_wconf 88' lang='lat' dir='ltr'><strong>quidem</strong></span> <span class='ocrx_word' id='word_1_279' title='bbox 806 1571 948 1607; x_wconf 71' lang='lat' dir='ltr'><strong>celeriter,</strong></span> <span class='ocrx_word' id='word_1_280' title='bbox 966 1576 995 1601; x_wconf 92' lang='lat' dir='ltr'><strong>et</strong></span> <span class='ocrx_word' id='word_1_281' title='bbox 1010 1571 1072 1601; x_wconf 84' lang='lat' dir='ltr'><strong>sive</strong></span> 
     </span>
     <span class='ocr_line' id='line_1_36' title="bbox 181 1614 1072 1655; baseline -0.001 -11"><span class='ocrx_word' id='word_1_282' title='bbox 181 1615 365 1651; x_wconf 81' lang='lat' dir='ltr'><strong>retractabis,</strong></span> <span class='ocrx_word' id='word_1_283' title='bbox 382 1615 443 1646; x_wconf 83' lang='lat' dir='ltr'><strong>sive</strong></span> <span class='ocrx_word' id='word_1_284' title='bbox 458 1615 640 1655; x_wconf 85' lang='lat' dir='ltr'><strong>properabis.</strong></span> <span class='ocrx_word' id='word_1_285' title='bbox 665 1614 759 1646; x_wconf 83' lang='lat' dir='ltr'><strong>Volat</strong></span> <span class='ocrx_word' id='word_1_286' title='bbox 774 1614 855 1644; x_wconf 87' lang='lat' dir='ltr'><strong>enim</strong></span> <span class='ocrx_word' id='word_1_287' title='bbox 871 1620 951 1644; x_wconf 84' lang='lat' dir='ltr'><strong>aetas.</strong></span> <span class='ocrx_word' id='word_1_288' title='bbox 985 1614 1072 1644; x_wconf 82' lang='lat' dir='ltr'><strong>Tan-</strong></span> 
     </span>
     <span class='ocr_line' id='line_1_37' title="bbox 181 1656 1071 1698; baseline 0 -12"><span class='ocrx_word' id='word_1_289' title='bbox 181 1662 249 1686; x_wconf 88' lang='lat' dir='ltr'><strong>tum</strong></span> <span class='ocrx_word' id='word_1_290' title='bbox 265 1663 367 1687; x_wconf 88' lang='lat' dir='ltr'><strong>autem</strong></span> <span class='ocrx_word' id='word_1_291' title='bbox 383 1659 465 1687; x_wconf 86' lang='lat' dir='ltr'><strong>abest</strong></span> <span class='ocrx_word' id='word_1_292' title='bbox 484 1657 537 1696; x_wconf 83' lang='lat' dir='ltr'><strong>[ab</strong></span> <span class='ocrx_word' id='word_1_293' title='bbox 555 1659 618 1698; x_wconf 87' lang='lat' dir='ltr'><strong>eo],</strong></span> <span class='ocrx_word' id='word_1_294' title='bbox 635 1662 670 1688; x_wconf 86' lang='lat' dir='ltr'><strong>ut</strong></span> <span class='ocrx_word' id='word_1_295' title='bbox 683 1658 801 1688; x_wconf 85' lang='lat' dir='ltr'><strong>malum</strong></span> <span class='ocrx_word' id='word_1_296' title='bbox 824 1667 905 1687; x_wconf 90' lang='lat' dir='ltr'><strong>mors</strong></span> <span class='ocrx_word' id='word_1_297' title='bbox 921 1657 958 1687; x_wconf 89' lang='lat' dir='ltr'><strong>sit</strong></span> <span class='ocrx_word' id='word_1_298' title='bbox 975 1656 1071 1697; x_wconf 83' lang='lat' dir='ltr'><strong>(quod</strong></span> 
     </span>
     <span class='ocr_line' id='line_1_38' title="bbox 182 1699 1071 1739; baseline 0 -9"><span class='ocrx_word' id='word_1_299' title='bbox 182 1699 237 1731; x_wconf 88' lang='lat' dir='ltr'><strong>tibi</strong></span> <span class='ocrx_word' id='word_1_300' title='bbox 252 1700 370 1731; x_wconf 85' lang='lat' dir='ltr'><strong>dudum</strong></span> <span class='ocrx_word' id='word_1_301' title='bbox 385 1699 569 1739; x_wconf 83' lang='lat' dir='ltr'><strong>videbatur),</strong></span> <span class='ocrx_word' id='word_1_302' title='bbox 585 1706 620 1733; x_wconf 90' lang='lat' dir='ltr'><strong>ut</strong></span> <span class='ocrx_word' id='word_1_303' title='bbox 635 1710 747 1739; x_wconf 80' lang='lat' dir='ltr'><strong>verear,</strong></span> <span class='ocrx_word' id='word_1_304' title='bbox 763 1710 801 1732; x_wconf 87' lang='lat' dir='ltr'><strong>ne</strong></span> <span class='ocrx_word' id='word_1_305' title='bbox 815 1700 933 1732; x_wconf 85' lang='lat' dir='ltr'><strong>homini</strong></span> <span class='ocrx_word' id='word_1_306' title='bbox 943 1699 1021 1731; x_wconf 89' lang='lat' dir='ltr'><strong>nihil</strong></span> <span class='ocrx_word' id='word_1_307' title='bbox 1032 1699 1071 1730; x_wconf 89' lang='lat' dir='ltr'><strong>sit</strong></span> 
     </span>
    </p>
   </div>
  </div>
 </body>
</html>
