1226 1935
222 122 284 152 212
350 124 473 156 TUSC.
485 126 657 164 QUAEST.
671 126 750 157 Lm.
763 127 827 157 III.
840 127 924 158 CAP.
937 129 988 159 31.

228 209 436 252 nosmetipsos,
454 211 626 253 diligamus.
651 213 735 243 Nam
752 213 834 254 quod
850 214 946 251 aiunt,
957 214 1116 256 plerosque

228 254 481 285 consolationibus
502 256 579 286 nihil
599 256 702 293 levari,
723 257 966 298 atljungtrntque,
984 259 1118 288 consola-

230 303 309 327 tores
324 297 403 338 ipsos
418 299 550 329 confiteri
566 305 600 329 se'
611 300 746 337 miseros,
763 310 833 330 cum
849 300 887 330 ad
904 311 952 330 eos
967 300 1118 342 impetum

231 351 322 371 suum
332 341 452 372 fortuna
462 343 638 373 converterit
651 354 660 378 ς
672 348 837 384 utrumque
847 343 1026 374 dissolvitur.
1040 346 1119 374 Sunt

232 383 314 414 enim
330 384 386 414 ista
397 395 457 416 non
469 391 585 415 naturae
595 386 678 423 vitia,
691 387 742 416 sed
753 387 859 427 culpae.
884 387 1053 417 Stultitiam
1065 398 1119 417 au-

232 432 295 457 tem
307 438 444 458 accusare
459 429 598 469 quamtis
613 429 729 470 copiose
740 429 818 459 licet.
843 430 927 460 Nam
943 436 972 460 et
988 430 1041 470 qui
1057 440 1117 460 non

232 470 383 509 levantur,
396 471 453 512 ipsi
468 472 506 501 ad
516 471 668 502 miseriam
680 472 828 509 invitant3
847 479 875 503 et
887 473 941 513 qui
953 483 1021 502 suos
1034 483 1119 503 casus

233 513 320 544 aliter
335 513 446 551 ferunt,
463 520 554 555 atque
576 513 642 555 [ut]
665 521 799 545 auctores
819 515 884 546 aliis
905 515 963 556 ipsi
982 515 1118 553 fuerunt,

234 567 296 588 non
317 563 387 587 sunt
408 558 582 595 vitiosiores,
604 568 698 598 quam
719 558 780 588 fere
800 559 947 599 plerique,
965 559 1018 599 qui
1039 559 1121 589 avari

236 610 352 637 avarOS,
369 601 472 640 gloriae
491 600 616 641 cupidos
638 601 770 641 gloriosi,
792 601 1025 642 reprehendunt.
1060 602 1119 632 Est

234 643 316 674 enim
331 643 488 684 proprium
504 643 649 681 stultitiae,
666 644 795 674 aliorum
811 644 884 674 vitia
899 654 1028 683 cernere,
1044 645 1121 675 obli-

235 686 307 717 visci
323 697 456 717 suorum.
480 687 540 717 Sed
555 686 701 716 nimirum
712 687 769 717 hoc
783 688 955 717 maximum
972 693 1015 717 est
1030 698 1121 728 expe-

235 729 413 767 rimentum,
430 740 500 760 cum
516 735 629 760 constet
649 730 859 770 aegritudinem
880 736 1027 761 vetustate
1042 731 1119 769 tolli,

237 772 315 803 hanc
331 773 393 803 vim
408 783 469 803 non
485 783 547 803 esse
562 773 593 802 in
605 772 653 803 die
670 773 811 813 positam,
829 773 879 804 sed
895 774 926 803 in
942 774 1122 814 cogitatione

236 816 390 847 diuturna.
423 816 519 855 Nam,
536 816 560 846 si
572 822 601 846 et
616 816 720 846 eadem
736 827 782 847 res
797 822 851 855 est,
869 822 898 847 et
912 816 993 847 idem
1009 823 1053 847 est
1067 817 1122 847 ho-

235 869 287 889 mo
301 870 310 895 ;
334 860 388 900 qui
404 865 502 900 potest
513 859 682 900 quidquam
694 860 731 890 de
742 860 843 889 dolore
855 860 978 898 mutari,
990 860 1014 889 si
1024 870 1123 901 neque

236 902 274 932 de
290 912 335 940 eo,
351 908 473 944 propter
488 902 570 943 quod
591 902 682 940 dolet,
700 902 868 943 quidquam
889 909 932 933 est
952 909 1120 941 mutatum,

238 955 337 986 neque
360 945 397 976 de
418 956 452 976 eo
473 945 526 986 qui
547 945 652 975 dolet?
682 946 832 986 Cogitatio
853 946 946 986 igitur
966 946 1122 985 diuturna,

235 988 313 1018 nihil
329 999 390 1019 esse
405 989 436 1019 in
451 999 482 1019 re
503 988 588 1027 mali,
605 988 701 1018 dolori
720 989 869 1028 medetur,
887 999 947 1019 non
969 989 1034 1030 ipsa
1054 989 1122 1020 diu-

236 1032 374 1062 turnitas.

278 1074 408 1105 XXXI.
434 1074 496 1105 Hic
510 1074 587 1104 mihi
602 1074 732 1104 afferunt
751 1074 989 1117 mediocn'tatesg
1014 1086 1083 1116 quae
1099 1075 1123 1106 si

234 1119 386 1148 naturales
406 1126 487 1153 sunt,
504 1117 577 1158 quid
594 1128 670 1158 opus
691 1124 734 1148 est
754 1118 978 1148 consolatione?
1002 1119 1123 1149 Natura

233 1161 315 1192 enim
330 1162 395 1202 ipsa
409 1161 583 1191 terminabit
595 1160 722 1190 modum
736 1172 743 1190 :
769 1161 813 1190 sin
830 1161 1007 1202 opinabiles,
1020 1162 1123 1202 opinio

234 1208 297 1234 tota
307 1205 439 1234 tollatur.
468 1204 546 1234 Satis
558 1204 672 1233 dictum
684 1214 745 1234 esse
757 1203 894 1242 arbitror,
909 1205 1120 1244 aegritudinem

233 1257 295 1277 esse
310 1247 482 1288 opinionem
498 1247 572 1276 mali
588 1247 752 1287 praesentis,
769 1247 800 1276 in
816 1247 878 1288 qua
889 1248 1030 1288 opinione
1044 1248 1122 1278 illud

231 1290 313 1329 insit,
331 1296 365 1320 ut
381 1290 591 1331 aegritudinem
607 1290 754 1331 suscipere
769 1296 913 1330 oporteat.

277 1333 413 1364 Additur
428 1333 467 1363 ad
482 1333 559 1363 hanc
579 1333 784 1363 definitionem
805 1344 824 1363 a
839 1334 961 1364 Zenone
979 1339 1068 1372 recte,
1085 1340 1120 1365 ut

233 1377 287 1408 illa
301 1377 403 1418 opinio
414 1376 568 1417 praesentis
583 1376 657 1406 mali
672 1376 709 1406 sit
724 1386 834 1407 recens.
859 1377 928 1407 Hoc
939 1383 1041 1407 autem
1054 1388 1119 1408 ver-

233 1422 309 1452 bum
332 1420 373 1450 sic
392 1420 616 1460 interpretatur,
639 1425 674 1449 ut
693 1429 754 1449 non
776 1425 897 1450 tantum
919 1420 998 1450 illud
1018 1431 1119 1451 recens

234 1474 297 1495 esse
312 1463 394 1500 velit,
411 1463 492 1504 quod
513 1463 605 1503 paulo
625 1468 694 1493 ante
715 1462 864 1499 acciderit,
886 1463 948 1500 sed,
971 1464 1118 1504 quamdiu

233 1507 265 1538 in
280 1507 334 1536 illo
349 1506 470 1546 opinato
485 1506 566 1536 malo
581 1505 625 1536 vis
647 1506 787 1546 quaedam
808 1506 890 1544 insit,
907 1512 936 1536 et
957 1507 1067 1547 vigeat,
1089 1513 1119 1537 et

233 1551 343 1581 habeat
358 1549 524 1590 quamdam
545 1549 738 1585 viriditatem,
755 1549 872 1579 tamdiu
888 1549 1057 1590 appelletur
1072 1561 1119 1580 re-

234 1604 323 1624 cens:
347 1598 381 1622 ut
397 1592 562 1622 Artemisia
576 1592 640 1630 illa,
655 1592 801 1629 Mausoli,
815 1592 912 1622 Cariae
927 1593 1016 1633 regis,
1029 1603 1118 1631 uxor,

234 1647 304 1678 quae
319 1635 420 1666 nobile
430 1635 507 1665 illud
518 1635 723 1666 Halicarnassi
736 1635 805 1666 fecit
815 1636 998 1676 sepulcrum,
1010 1646 1119 1676 quam-

233 1681 287 1710 diu
309 1679 395 1715 vixit,
417 1678 493 1709 vixit
513 1678 544 1708 in
565 1678 661 1715 luctu,
684 1679 851 1720 eodemque
872 1679 963 1709 etiam
987 1679 1121 1710 confecta

233 1722 398 1754 contabuit.
434 1721 518 1751 Huic
544 1726 606 1752 erat
631 1722 684 1751 illa
710 1721 812 1762 opinio
834 1722 969 1762 quotidie
994 1732 1116 1758 recens;

232 1777 301 1807 quae
323 1771 389 1796 tum
413 1764 543 1806 denique
565 1774 624 1796 non
647 1765 817 1806 appellatur
839 1775 950 1804 recens,
974 1775 1045 1797 cum
1069 1775 1118 1796 ve-

231 1814 342 1841 tustate
357 1808 483 1840 exaruit.

1197 1195 1202 1304 ,Ι

1192 1306 1200 1483 f

1192 1487 1195 1535 ι

1189 1536 1194 1634 ἕ

1186 1640 1191 1734 ΙΙ,

1184 1772 1187 1831 2
