1180 1935
157 99 222 129 368
269 97 331 129 DE
355 97 463 129 NAT.
480 96 617 128 DEOR.
635 96 714 127 Lm.
731 96 776 127 11.
790 95 937 127 cruam.

160 185 277 225 reliquo
300 183 417 215 mundo
438 189 490 214 est.
525 183 639 223 Stirpes
662 182 744 213 enim
769 188 854 212 terrae
876 181 1043 212 inhaerent:

159 228 329 257 animantes
344 233 446 257 autem
461 226 661 266 adspiratione
681 225 756 255 a'e'xis
771 225 975 260 sustinentur;
999 225 1045 265 ip·

160 281 251 311 seque
267 271 317 300 aer
332 270 487 300 nobiscum
504 269 595 305 videt,
608 268 763 298 nobiscum
780 268 875 304 audit,
889 267 1045 297 nobiscum

160 320 267 343 sonat:
292 313 368 343 nihil
384 313 464 343 enim
481 322 584 342 eorum
604 311 666 341 sine
687 322 721 341 eo
742 311 805 340 fieri
825 316 931 351 potest.
959 310 1044 348 Quin

159 356 251 386 ctiam
270 362 408 386 movetur
426 355 592 385 nobiscum.
627 354 831 393 Quacumque
852 353 931 383 enim
953 353 1044 391 imus,

158 399 353 440 quacumque
367 408 537 435 movemur,
553 396 671 427 videtur
686 397 773 437 quasi
792 396 893 426 locum
914 395 995 433 dare,
1018 402 1047 426 et

160 441 273 472 cedere.

202 486 343 526 Quaeque
366 484 398 514 in
421 483 558 514 medium
581 482 683 513 locum
701 482 820 519 mundi,
840 482 894 523 qui
914 487 958 512 est
976 481 1045 512 infi-

159 537 240 566 mus,
257 533 287 558 et
306 538 375 568 quae
390 538 408 557 a
427 526 528 557 medio
547 526 579 555 in
600 536 755 568 superum,
777 535 906 566 quaeque
923 535 1046 555 conver-

158 571 240 601 sione
255 570 385 600 rotunda
400 570 513 600 circum
528 569 664 599 medium
679 568 828 605 feruntur,
842 578 877 598 ea
892 568 1046 598 continen-

160 619 221 644 tem
245 613 352 643 mundi
379 613 512 643 efficiunt
535 622 690 652 unamque
713 617 862 641 naturam.
898 610 951 648 Et,
976 621 1046 641 cum

159 662 290 697 quatuor
312 656 372 685 sint
393 666 502 696 genera
524 665 694 695 corporum,
717 653 920 684 vicissitudine
942 664 1046 684 eorum

159 699 268 728 mundi
283 699 457 729 continuata
471 704 579 728 natura
594 703 647 727 est.
676 697 760 727 Nam
781 707 819 726 ex
839 696 928 733 terra,
945 707 1045 737 aqua;

160 752 198 771 ex
214 742 305 782 aqua,
327 742 422 771 oritur
436 741 507 777 aen
531 751 568 771 ex
584 741 663 776 aete,
680 740 791 770 aether:
815 739 923 769 deinde
940 746 1048 769 retror-

161 794 230 814 sum
255 784 384 815 vicissim
411 795 448 815 ex
472 785 593 823 aethere,
617 784 688 819 ae'r3
716 793 754 813 ex
777 782 856 820 abire,
879 793 979 823 aquae,
1010 793 1048 812 ex

159 828 252 868 aqua,
269 834 346 857 terra
361 828 476 858 infima.
501 827 550 857 Sic
564 826 679 857 naturis
693 826 751 863 his,
767 836 804 855 ex
820 825 931 866 quibus
945 825 1049 855 onmia

158 876 306 909 constant,
323 881 455 907 sursum,
471 870 623 907 deorsum,
640 869 730 906 ultro,
747 869 891 909 citroque,
914 878 1047 898 comme-

160 913 292 951 antibus,
309 914 417 943 mundi
432 913 566 954 partium
581 911 751 952 conjunctio
767 911 955 947 continetur3
980 922 1049 951 quae

161 962 214 986 aut
234 957 416 997 sempiterna
437 957 485 993 sit,
508 966 624 986 necesse
646 962 700 992 est,
726 954 782 984 hoc
803 954 907 984 eodem
927 961 1048 992 ornatu,

161 1009 253 1039 quem
269 999 417 1036 videmus,
434 1005 487 1029 aut
501 1004 579 1030 certe
592 998 800 1039 perdiuturna‚
817 1007 996 1038 permanens
1010 997 1049 1026 ad

161 1042 363 1083 longinquum
385 1048 414 1073 et
434 1043 618 1072 immensum
638 1051 724 1082 paene
746 1046 873 1080 tempus.
907 1040 1049 1077 Quorum

163 1085 312 1116 utrumvis
336 1091 371 1115 ut
402 1086 451 1121 sit,
476 1085 621 1126 sequitur⁷
649 1083 758 1114 natura
778 1082 931 1112 mundum
952 1082 1049 1112 admi-

164 1127 291 1158 nistrari.
324 1129 405 1166 Quae
419 1128 500 1158 enim
516 1128 656 1158 classium
672 1126 833 1167 navigatio,
850 1131 903 1155 aut
918 1136 987 1166 quae
1002 1125 1049 1155 in-

162 1171 286 1201 structio
301 1171 459 1209 exerciffis,
476 1177 529 1201 aut
543 1181 646 1201 rursus
662 1174 709 1203 (ut
725 1180 769 1206 ea,
783 1180 851 1210 quae
863 1175 971 1198 natura
986 1168 1049 1198 effi-

162 1213 213 1250 cit,
228 1214 430 1251 conferamus)
446 1225 515 1255 quae
526 1213 690 1254 procreatio
702 1212 769 1242 vitis
781 1218 834 1242 aut
845 1211 969 1248 arboris,
980 1222 1050 1252 quae

162 1266 250 1296 porro
264 1257 425 1287 animantis
440 1258 538 1297 figura
553 1255 810 1296 confonnatioque
829 1256 1048 1291 membrorum,

161 1304 277 1329 tantam
303 1306 420 1330 naturae
444 1300 607 1330 sollertiam
631 1298 790 1339 significat,
815 1303 961 1338 quantam
985 1297 1050 1338 ipse

164 1342 297 1373 mundus
308 1345 322 1374 Ρ
346 1343 414 1373 Aut
428 1343 520 1383 igitur
532 1343 608 1372 nihil
625 1348 678 1380 est,
692 1341 774 1382 quod
786 1341 930 1371 sentiente
941 1341 1051 1370 natura

163 1391 294 1425 regatur,
307 1392 360 1416 aut
374 1386 526 1416 mundum
538 1386 601 1426 regi
616 1384 821 1415 confitendum
834 1389 886 1414 est.
910 1383 1048 1420 Etenim,

163 1427 216 1468 qui
232 1428 360 1470 reliquas
376 1435 498 1459 naturas
513 1439 617 1459 omnes
640 1437 805 1467 earumque
825 1426 941 1457 semina
955 1426 1050 1456 conti-

163 1476 243 1507 neat,
265 1473 318 1512 qui
339 1477 436 1513 potest
457 1472 521 1513 ipse
544 1482 604 1501 non
625 1470 734 1501 natura
751 1469 980 1500 administrari?
1004 1474 1049 1507 ut,

162 1513 243 1553 siqui
266 1514 369 1545 dentes
393 1521 422 1545 et
445 1517 635 1555 pubertatem
658 1512 768 1544 natura
792 1512 871 1542 dicat
897 1512 1048 1551 exsistere,

163 1555 264 1596 ipsum
286 1564 387 1588 autem
409 1558 577 1595 hominem,
598 1557 646 1588 cui
666 1568 701 1587 ea
721 1556 877 1593 exsistant,
897 1565 958 1584 non
981 1565 1050 1585 con-

164 1604 241 1629 stare
256 1601 384 1637 natm-im
408 1611 468 1631 non
480 1601 641 1641 intelligat,
654 1611 699 1638 ea,
712 1610 782 1640 quae
797 1598 920 1629 efferant
935 1597 1050 1638 aliquid

163 1652 201 1671 ex
218 1653 290 1681 sese,
306 1644 494 1684 perfectiores
509 1644 619 1674 habere
633 1649 768 1682 naturas,
781 1652 875 1683 quam
887 1651 922 1672 ea
933 1652 1001 1682 quae
1013 1651 1051 1671 ex

167 1685 203 1714 iis
218 1686 390 1717 efferantur.

208 1728 368 1761 XXXIV.
401 1730 550 1760 Omnium
576 1736 677 1760 autem
704 1739 817 1767 rerum,
846 1738 914 1768 qum
943 1725 1049 1757 natura

162 1771 422 1812 administrantur,
439 1774 599 1806 seminator
615 1780 644 1805 ct
663 1779 742 1804 sator
762 1778 792 1804 ct
811 1781 919 1813 parens
939 1774 987 1805 (ut
1008 1769 1050 1799 ita
