1226 1935
237 75 302 105 324
348 72 410 104 DE
433 72 543 104 NAT.
560 72 697 104 DEOR.
723 73 802 104 Lm.
822 74 848 104 1.
871 73 954 106 CAP.
971 76 1022 106 32.

238 160 329 192 tionis
345 159 521 200 consiliique
532 160 708 200 participem
720 160 752 189 in
764 160 829 190 ulla
841 161 912 199 alia,
925 161 982 191 nisi
994 162 1131 193 humana

238 204 347 244 figura.
382 202 493 240 Quid?
517 203 587 233 solis
610 203 846 243 numquidnam,
878 210 932 234 aut
956 205 1050 242 lunae,
1078 212 1132 235 aut

238 247 375 287 quinque
387 246 552 276 errantium
565 245 709 282 siderum,
724 246 821 276 simile
834 247 933 277 vidisti
947 249 960 277 ἓ
978 248 1041 284 Sol,
1055 247 1130 277 dua¹⁴

238 291 296 320 bus
318 289 408 319 unius
432 289 511 319 orbis
533 289 649 318 ultimis
670 289 806 329 partibus
830 290 975 320 definiens
997 296 1128 329 motum,

237 343 342 363 cursus
368 342 485 361 annuos
512 332 638 362 conficit.
674 332 777 370 Hujus
803 333 880 363 hauc
908 334 1128 372 lustrationem,

237 375 374 415 ejusdem
395 375 518 405 incensa
539 375 640 411 radiis,
664 380 819 404 menstruo
840 377 936 416 spatio
956 377 1030 406 luna
1048 387 1130 406 com-

237 419 310 460 plet.
335 418 483 458 Quinque
493 424 595 447 autem
606 418 700 447 stellae
713 418 853 448 eumdem
866 421 969 449 orbem
983 426 1128 457 tenentes,

238 462 306 492 aliae
321 461 445 501 propius
461 472 479 490 a
495 461 591 497 terris,
611 461 678 490 aliae
693 461 848 497 remotius,
870 464 908 491 ab
924 462 1030 492 iisdem
1046 463 1130 503 prin-

238 505 336 545 cipiis,
359 504 529 544 disparibus
555 503 753 543 temporibus,
784 504 889 534 eadem
916 505 1011 545 spatia
1038 506 1130 536 confi-

237 548 331 578 ciunt.
358 546 523 587 Numquid
539 547 609 583 tale,
621 546 765 587 Epicure,
777 547 877 577 vidisti
889 549 902 578 ‚9
927 548 977 578 Ne
989 548 1026 578 sit
1037 549 1130 589 igitur

237 591 294 627 sol,
316 600 354 620 ne
375 590 460 627 luna,
483 599 521 619 ne
542 590 647 627 stellae,
667 590 812 630 quoniam
834 591 910 620 nihil
935 602 997 621 esse
1021 598 1129 632 potest,

237 634 296 664 nisi
318 633 400 674 quod
419 633 575 672 attigimus
590 638 643 663 aut
658 632 798 663 vidimus.
824 633 934 671 Quid?
959 634 1062 664 Deum
1083 635 1130 675 ip-

238 687 307 707 sum
328 686 443 706 numne
462 675 587 706 vidisti?
612 686 665 706 cur
685 676 778 716 igitur
792 676 887 706 credis
903 679 990 707 esse?
1023 677 1129 708 Tolla-

237 730 308 750 mus
326 729 397 760 ergo
411 719 527 757 onmia,
544 730 614 759 quae
634 724 687 748 aut
707 720 831 749 historia
851 720 948 757 nobis,
971 726 1024 750 aut
1040 721 1128 759 ratio,

237 773 317 793 nova
329 762 424 792 affert.
449 762 498 792 Ita
515 760 598 803 [sit,]
616 768 651 791 ut
666 762 877 793 mediterranei
891 773 975 793 mare
991 774 1052 793 esse
1068 774 1128 794 non

237 806 370 836 credant.
394 805 475 843 Quae
496 812 567 835 sunt
582 811 673 835 tantae
689 806 783 835 animi
799 806 957 846 angustiae,
974 812 1019 842 ut,
1037 807 1061 836 si
1077 807 1130 837 Se-

237 849 319 889 riphi
335 854 423 878 natus
439 859 527 886 esses,
544 858 598 878 nec
613 858 751 889 unquam
768 859 901 889 egressus
917 860 954 879 ex
969 849 1081 887 insul-⁵1,
1098 850 1130 879 in

237 891 299 933 qua
314 892 484 932 lepusculos
500 892 735 932 vulpeculasque
751 902 829 932 saepe
845 892 978 929 vidisses,
995 902 1055 923 non
1068 903 1131 923 cre-

238 935 323 965 deres
344 935 443 965 leones
465 941 495 965 et
515 935 676 975 pantheras
697 945 769 971 esse,
792 945 861 964 cum
881 935 947 973 tibi,
965 936 1069 976 quales
1085 946 1130 966 es-

238 984 316 1016 sent,
340 978 513 1008 diceretur?
538 977 562 1007 si
583 988 652 1008 vero
673 977 711 1008 de
734 978 895 1018 elephanto
917 978 984 1019 quis
1006 979 1128 1017 diceret,

237 1021 330 1053 etiam
346 1021 436 1050 rideri
451 1027 481 1050 te
496 1026 617 1061 putares
629 1022 642 1051 ἓ

282 1064 430 1095 XXXII.
455 1063 498 1093 Et
513 1070 547 1093 tu
564 1063 700 1104 quidem,
718 1063 829 1098 Vellei,
847 1074 906 1094 non
920 1070 1017 1095 vestro
1032 1075 1127 1104 more,

237 1108 290 1138 sed
314 1107 538 1137 dialecticorum
560 1110 666 1147 (quem
690 1107 828 1137 funditus
850 1117 923 1147 gens
948 1114 1046 1138 vestra
1068 1118 1129 1139 non

238 1150 337 1188 novit)
351 1150 523 1190 argumenti
539 1150 718 1179 sententiam
734 1150 914 1180 conclusisti.
944 1151 1055 1181 Beatos
1068 1162 1130 1182 esse

238 1193 333 1231 Deos,
358 1193 501 1223 sumsisti.
541 1192 754 1222 Concedimus.
792 1194 925 1223 Beatum
945 1200 1048 1224 autem
1064 1195 1129 1225 sine

237 1237 350 1267 virtute
370 1236 525 1265 neminem
546 1246 608 1265 esse
627 1246 722 1276 posse.
756 1236 794 1266 Id
816 1247 939 1277 quoque
959 1237 1078 1273 damus,
1102 1245 1131 1268 et

236 1279 366 1310 libenter
386 1278 520 1319 quidem.
554 1279 710 1309 Virtutem
732 1285 834 1309 autem
851 1280 914 1310 sine
929 1280 1044 1310 ratione
1059 1291 1125 1311 con-

235 1329 313 1354 stare
328 1332 389 1352 non
410 1332 505 1362 posse.
539 1321 707 1352 Conveniat
727 1322 757 1352 id
779 1333 913 1363 quoque,
936 1333 1053 1353 necesse
1074 1330 1127 1354 est.

235 1365 404 1406 Adjungis,
430 1365 461 1395 N
465 1375 497 1395 ec
508 1365 654 1395 rationem
668 1376 741 1401 esse,
758 1366 816 1395 nisi
828 1366 858 1395 in
871 1366 1003 1396 hominis
1019 1367 1126 1407 figura.

236 1409 341 1447 Quem
357 1408 412 1438 tibi
432 1407 489 1437 hoc
510 1408 653 1438 daturum
675 1410 790 1448 putas?
823 1409 856 1439 Si
876 1409 957 1439 enim
979 1409 1021 1439 ita
1041 1416 1127 1449 esset,

236 1452 312 1494 quid
333 1461 409 1492 opus
431 1457 494 1481 erat
515 1457 544 1481 te
564 1450 714 1491 gradatim
730 1451 807 1482 istuc
821 1453 976 1492 pervenire
989 1454 1002 1481 P
1035 1453 1128 1483 Sum-

235 1496 322 1526 sisses
343 1501 395 1525 tuo
413 1494 491 1533 jure.
526 1493 628 1532 [Quid
649 1500 753 1524 autem
775 1501 818 1524 est
838 1495 914 1525 istuc
929 1495 1080 1535 gradatim
1093 1497 1124 1537 Ρ]

236 1539 321 1569 Nam
343 1547 361 1567 a
381 1537 475 1567 beatis
496 1537 535 1567 ad
557 1537 711 1574 virtutem,
734 1548 752 1567 a
773 1538 883 1568 virtute
906 1538 945 1568 ad
966 1539 1125 1576 rationem,

234 1581 322 1613 video
342 1584 372 1610 te
391 1580 507 1610 venisse
528 1580 682 1620 gradibus.
706 1580 738 1610 A
761 1581 875 1611 ratione
896 1581 934 1610 ad
958 1581 1126 1612 humanam

231 1625 363 1665 figuram
379 1633 440 1663 quo
455 1622 547 1653 modo
559 1623 673 1653 accedis
685 1625 698 1653 Ρ
714 1623 901 1664 praecipitare
912 1624 989 1654 istuc
1001 1625 1125 1666 quidem

230 1674 285 1704 est,
303 1676 363 1696 non
379 1666 565 1696 descendere.

275 1710 341 1740 Nec
365 1719 434 1739 vero
458 1708 605 1749 intelligo,
629 1719 682 1739 cur
702 1709 844 1740 maluerit
864 1709 1017 1750 Epicurus
1042 1710 1123 1742 Deos

229 1753 391 1785 hominum
418 1752 531 1784 similes
555 1752 664 1791 dicere,
689 1762 784 1795 quam
810 1753 948 1786 homines
975 1753 1114 1786 Deorum
