1226 1935
272 29 333 61 DE
358 29 555 68 FINIBUS,
581 28 661 61 Lm.
679 29 739 60 IV.
764 29 847 61 CAP.
869 30 916 65 17.
998 28 1041 59 49

143 116 238 158 piam,
256 116 313 147 nisi
328 116 411 157 quod
426 115 587 147 honestum
603 116 651 151 sit,
671 122 868 150 numeretur;
893 115 974 146 idem
993 114 1040 145 di-

142 165 227 191 cetur
250 161 289 189 ab
313 159 385 197 illis,
409 170 485 200 quos
508 159 600 189 modo
626 159 790 189 nominavi.
826 159 910 189 Mihi
935 165 1038 188 autem

141 202 259 243 aequius
274 202 443 239 videbatur,
467 201 622 232 Zenonem
643 212 714 232 cum
737 202 902 232 Polemone
922 201 1038 241 discep-

139 251 267 281 tantem,
290 248 322 279 (a
340 255 412 286 quo,
435 256 505 285 quae
525 251 622 275 essent
642 244 791 285 principia
810 250 938 281 naturae,
956 254 1038 274 acce-

142 294 240 329 perat)
264 299 282 318 a
304 287 518 318 communibus
539 287 632 318 initiis
651 287 902 328 progredientem,
925 286 1037 323 videre,

141 331 195 362 ubi
219 331 355 372 primum
379 331 538 368 insisteret,
563 336 593 360 et
616 330 697 361 unde
722 341 811 361 causa
831 330 1039 360 controversiae

141 380 333 410 nasceretur;
360 383 433 411 non,
462 380 592 404 stantem
615 384 686 404 cum
708 373 745 403 iis
769 374 823 414 qui
845 383 884 403 ne
905 373 1040 403 dicerent

142 417 267 458 quidem
283 427 338 447 sua
352 426 473 447 summa
489 418 569 447 bona
583 427 645 447 esse
660 427 678 446 a
698 417 807 447 natur&
827 416 971 457 profecta,
993 415 1040 445 uti

139 460 247 490 iisdem
263 459 461 500 argumentis,
483 460 595 501 quibus
615 460 661 490 ini
681 465 848 498 uterentur,
870 459 1041 500 iisdemque

140 503 305 534 sententiis.

182 545 297 577 XVII.
321 545 455 577 Minime
470 557 540 577 vero
556 545 633 576 illud
654 547 759 587 probo,
783 545 876 587 quod,
898 555 969 576 cum
985 544 1039 575 do-

139 589 254 627 cuistis,
279 592 327 624 (ut
349 590 432 620 vobis
454 589 612 627 videmini)
629 590 728 620 solum
743 591 859 620 bonum
876 600 938 620 esse
954 588 1038 630 quod

139 633 302 663 honestum
319 632 367 670 sit,
385 638 452 662 tum
467 643 588 663 rursum
610 633 719 669 dicitis,
739 633 826 663 initia
840 633 969 673 proponi
984 642 1038 662 ne-

140 686 220 707 cesse
236 686 299 706 esse
314 681 386 716 apta
401 682 431 706 et
446 676 673 706 accommodata
692 681 819 713 naturae,
842 686 974 716 quorum
999 685 1038 705 ex

137 718 297 749 selectione
309 719 403 749 virtus
416 719 509 759 possit
525 719 675 749 exsistere.
710 719 784 749 Non
800 719 881 749 enim
898 719 929 748 in
946 719 1038 748 selec-

138 762 220 793 tione
245 762 341 792 virtus
365 761 506 802 ponenda
530 768 603 797 erat,
626 768 660 792 ut
681 761 712 791 id
733 762 846 802 ipsum,
869 761 951 802 quod
973 767 1038 792 erat

137 806 288 836 bonorum
300 804 457 841 ultimum,
466 804 550 834 aliud
560 804 677 844 aliquid
684 805 859 845 acquireret.
874 805 959 835 Nam
972 815 1039 834 om-

138 848 199 885 nia‚
213 859 282 889 quae
294 847 452 884 sumenda,
466 858 596 888 quaeque
607 847 735 887 legenda
747 854 800 878 aut
810 848 943 888 optanda
953 853 1036 884 sunt,

139 891 236 921 inesse
261 891 372 921 debent
396 890 428 920 in
451 890 573 920 summ&
593 891 756 927 bonorum,
779 896 814 920 ut
834 891 870 927 is,
894 891 948 931 qui
969 901 1037 921 eam

140 934 269 975 adeptus
293 933 342 972 sit,
364 933 441 963 nihil
466 939 610 974 praeterea
630 933 787 963 desideret.
820 933 966 971 Videsne,
990 939 1036 970 ut,

139 977 251 1018 quibus
267 987 389 1008 summa
404 982 447 1006 est
459 976 491 1006 in
508 977 674 1017 voluptate,
687 977 883 1017 perspicuum
896 977 945 1013 sit,
959 976 1037 1018 quid

139 1020 176 1050 iis
191 1020 366 1051 faciendum
381 1019 431 1057 sit,
448 1025 501 1049 aut
516 1029 577 1049 non
593 1019 767 1049 faciendum
782 1021 796 1050 ?
819 1026 854 1050 ut
872 1030 963 1050 nemo
979 1020 1038 1050 du·-

140 1064 228 1101 bitet‚
252 1073 357 1094 eorum
373 1063 477 1093 omnia
492 1062 591 1093 officia
606 1073 668 1103 quo
684 1070 829 1103 spectare,
846 1063 921 1104 quid
938 1063 1037 1104 sequi,

140 1107 216 1147 quid
238 1106 354 1147 fugere,
380 1105 519 1136 debeant.
550 1106 596 1136 Sit
619 1106 676 1136 hoc
701 1106 847 1136 ultimum
872 1108 1036 1143 bonorum,

139 1149 223 1191 quod
247 1160 328 1180 nunc
349 1159 367 1179 a
390 1159 441 1179 me
465 1148 657 1179 defenditur:
682 1155 808 1190 apparet
829 1149 943 1187 statim,
966 1160 1037 1190 quae

139 1193 200 1223 sint
220 1192 329 1230 officia,
351 1203 421 1233 quae
442 1192 582 1222 actiones.
615 1192 681 1222 Vos
699 1198 814 1231 autem,
831 1192 943 1233 quibus
959 1192 1038 1222 nihil

141 1242 185 1266 est
204 1236 288 1266 aliud
308 1235 509 1276 propositum,
532 1235 590 1265 nisi
610 1241 727 1265 rectum
748 1241 841 1276 atque
860 1235 1037 1272 honestum,

140 1279 222 1310 unde
237 1279 338 1318 officii,
360 1278 442 1309 unde
456 1278 578 1320 agendi,
594 1278 779 1319 principium
797 1284 950 1317 nascatur,
974 1289 1037 1309 non

140 1322 302 1371 reperietis.

186 1366 256 1396 Hoc
275 1365 370 1406 igitur
389 1365 529 1407 quaeretis
549 1375 666 1404 omnes,
689 1371 718 1396 et
733 1365 766 1404 ii,
783 1365 848 1407 qui,
865 1364 1039 1406 quodcum-

141 1419 201 1450 que
215 1409 247 1439 in
262 1415 396 1439 mentem
413 1409 524 1447 veniat,
541 1414 594 1439 aut
609 1408 825 1450 quodcumque
840 1414 987 1445 occurrat,
1005 1419 1038 1438 se

141 1452 226 1493 sequi
246 1451 365 1483 dicent:
390 1458 420 1482 et
440 1463 492 1482 vos
510 1451 596 1493 [qui]
619 1452 658 1482 ad
673 1458 815 1482 natura-m
831 1452 1035 1482 revertemini.

141 1495 264 1533 Quibus
288 1501 398 1526 natura
420 1495 489 1534 jure
515 1495 712 1536 responderit,
739 1505 800 1526 non
827 1505 889 1525 esse
915 1505 1034 1532 verum,

141 1538 264 1569 aliunde
284 1538 377 1569 finem
398 1540 485 1569 beate
506 1538 638 1576 vivendi,
660 1549 679 1569 a
699 1549 730 1568 se
749 1538 899 1579 principia
919 1538 962 1568 rei
983 1548 1036 1578 ge-

142 1581 254 1619 rendae,
270 1581 352 1622 peti:
370 1592 432 1612 esse
448 1582 530 1612 enim
546 1592 641 1612 unam
657 1581 816 1620 rationem,
829 1581 891 1622 qua
906 1586 935 1611 et
950 1581 1036 1621 prin-

142 1623 221 1664 cipia
235 1634 336 1654 rerum
352 1625 551 1665 agendarum,
574 1631 603 1655 et
624 1625 734 1655 ultima
753 1626 916 1660 bonorum,
939 1623 1035 1654 conti-

142 1673 302 1697 nerentur:
321 1673 423 1708 atque.
437 1674 471 1698 ut
482 1668 636 1698 Aristonis
652 1674 728 1698 esset
739 1669 863 1708 explosa
874 1667 1035 1701 sententia,

143 1709 279 1747 dicentis,
297 1710 374 1740 nihil
385 1711 504 1741 (11118110
516 1711 601 1741 aliud
613 1713 651 1742 ab
663 1711 734 1747 alio,
748 1721 802 1741 nec
814 1721 876 1741 esse
888 1720 934 1740 les
946 1710 999 1739 1111
1001 1720 1036 1739 is

187 1754 335 1790 (Plzz'lov.)
360 1762 442 1784 v.0L
462 1763 774 1784 111.1·
