<?xml version="1.0" encoding="UTF-8"?>
<!DOCTYPE html PUBLIC "-//W3C//DTD XHTML 1.0 Transitional//EN"
    "http://www.w3.org/TR/xhtml1/DTD/xhtml1-transitional.dtd">
<html xmlns="http://www.w3.org/1999/xhtml" xml:lang="en" lang="en">
 <head>
  <title>
</title>
<meta http-equiv="Content-Type" content="text/html;charset=utf-8" />
  <meta name='ocr-system' content='tesseract 3.04.00' />
  <meta name='ocr-capabilities' content='ocr_page ocr_carea ocr_par ocr_line ocrx_word'/>
</head>
<body>
  <div class='ocr_page' id='page_1' title='image "./operaern03ciceuoft_0167.png"; bbox 0 0 1226 1935; ppageno 0'>
   <div class='ocr_carea' id='block_1_1' title="bbox 260 53 1014 92">
    <p class='ocr_par' dir='ltr' id='par_1_1' title="bbox 260 53 1014 92">
     <span class='ocr_line' id='line_1_1' title="bbox 260 53 1014 92; baseline -0.003 -7"><span class='ocrx_word' id='word_1_1' title='bbox 260 53 385 86; x_wconf 80' lang='lat' dir='ltr'>TUSC.</span> <span class='ocrx_word' id='word_1_2' title='bbox 401 53 575 92; x_wconf 86' lang='lat' dir='ltr'><strong>QUAEST.</strong></span> <span class='ocrx_word' id='word_1_3' title='bbox 593 53 671 84; x_wconf 69' lang='lat'>11113.</span> <span class='ocrx_word' id='word_1_4' title='bbox 689 53 715 84; x_wconf 92' lang='lat'>1.</span> <span class='ocrx_word' id='word_1_5' title='bbox 733 53 816 85; x_wconf 64' lang='lat' dir='ltr'>CAr.</span> <span class='ocrx_word' id='word_1_6' title='bbox 833 54 884 85; x_wconf 83' lang='lat'>49.</span> <span class='ocrx_word' id='word_1_7' title='bbox 954 54 1014 84; x_wconf 84' lang='lat'>153</span> 
     </span>
    </p>
   </div>
   <div class='ocr_carea' id='block_1_2' title="bbox 116 139 1015 908">
    <p class='ocr_par' dir='ltr' id='par_1_2' title="bbox 116 139 1015 908">
     <span class='ocr_line' id='line_1_2' title="bbox 124 139 1015 180; baseline -0.001 -10"><span class='ocrx_word' id='word_1_8' title='bbox 124 144 249 180; x_wconf 85' lang='lat' dir='ltr'>parente</span> <span class='ocrx_word' id='word_1_9' title='bbox 263 140 414 178; x_wconf 86' lang='lat' dir='ltr'>omnium,</span> <span class='ocrx_word' id='word_1_10' title='bbox 431 139 638 170; x_wconf 84' lang='lat' dir='ltr'>constitutum.</span> <span class='ocrx_word' id='word_1_11' title='bbox 663 139 736 170; x_wconf 88' lang='lat' dir='ltr'>Non</span> <span class='ocrx_word' id='word_1_12' title='bbox 749 139 829 169; x_wconf 87' lang='lat' dir='ltr'>enim</span> <span class='ocrx_word' id='word_1_13' title='bbox 841 145 951 169; x_wconf 81' lang='lat' dir='ltr'>temere</span> <span class='ocrx_word' id='word_1_14' title='bbox 960 149 1015 169; x_wconf 90' lang='lat' dir='ltr'>nec</span> 
     </span>
     <span class='ocr_line' id='line_1_3' title="bbox 123 182 1014 222; baseline -0.001 -10"><span class='ocrx_word' id='word_1_15' title='bbox 123 182 247 212; x_wconf 82' lang='lat' dir='ltr'>fortuito</span> <span class='ocrx_word' id='word_1_16' title='bbox 262 183 319 212; x_wconf 83' lang='lat' dir='ltr'>sati</span> <span class='ocrx_word' id='word_1_17' title='bbox 334 188 363 213; x_wconf 84' lang='lat' dir='ltr'>et</span> <span class='ocrx_word' id='word_1_18' title='bbox 378 183 468 213; x_wconf 86' lang='lat' dir='ltr'>creati</span> <span class='ocrx_word' id='word_1_19' title='bbox 483 192 588 212; x_wconf 87' lang='lat' dir='ltr'>sumus</span> <span class='ocrx_word' id='word_1_20' title='bbox 602 194 610 212; x_wconf 75' lang='grc' dir='ltr'><strong><em>ι</em></strong></span> <span class='ocrx_word' id='word_1_21' title='bbox 635 182 686 213; x_wconf 87' lang='lat' dir='ltr'>sed</span> <span class='ocrx_word' id='word_1_22' title='bbox 706 182 839 222; x_wconf 84' lang='lat' dir='ltr'>profecto</span> <span class='ocrx_word' id='word_1_23' title='bbox 857 182 915 212; x_wconf 88' lang='lat' dir='ltr'>fuit</span> <span class='ocrx_word' id='word_1_24' title='bbox 931 192 1014 222; x_wconf 75' lang='lat' dir='ltr'>qua·-</span> 
     </span>
     <span class='ocr_line' id='line_1_4' title="bbox 123 224 1014 266; baseline -0.001 -11"><span class='ocrx_word' id='word_1_25' title='bbox 123 225 195 255; x_wconf 86' lang='lat' dir='ltr'>dam</span> <span class='ocrx_word' id='word_1_26' title='bbox 223 225 277 261; x_wconf 83' lang='lat' dir='ltr'>vis,</span> <span class='ocrx_word' id='word_1_27' title='bbox 299 236 368 266; x_wconf 88' lang='lat' dir='ltr'>quae</span> <span class='ocrx_word' id='word_1_28' title='bbox 391 225 493 265; x_wconf 85' lang='lat' dir='ltr'>generi</span> <span class='ocrx_word' id='word_1_29' title='bbox 520 225 686 255; x_wconf 85' lang='lat' dir='ltr'>consuleret</span> <span class='ocrx_word' id='word_1_30' title='bbox 709 225 863 254; x_wconf 84' lang='lat' dir='ltr'>humano:</span> <span class='ocrx_word' id='word_1_31' title='bbox 898 234 952 254; x_wconf 86' lang='lat' dir='ltr'>uec</span> <span class='ocrx_word' id='word_1_32' title='bbox 982 224 1014 254; x_wconf 88' lang='lat' dir='ltr'>id</span> 
     </span>
     <span class='ocr_line' id='line_1_5' title="bbox 123 267 1013 308; baseline -0.002 -10"><span class='ocrx_word' id='word_1_33' title='bbox 123 268 261 308; x_wconf 84' lang='lat' dir='ltr'><strong>gigneret</strong></span> <span class='ocrx_word' id='word_1_34' title='bbox 279 274 332 298; x_wconf 87' lang='lat' dir='ltr'>aut</span> <span class='ocrx_word' id='word_1_35' title='bbox 352 268 455 306; x_wconf 87' lang='lat' dir='ltr'>aleret,</span> <span class='ocrx_word' id='word_1_36' title='bbox 471 268 565 308; x_wconf 90' lang='lat' dir='ltr'>quod,</span> <span class='ocrx_word' id='word_1_37' title='bbox 582 278 652 298; x_wconf 86' lang='lat' dir='ltr'>cum</span> <span class='ocrx_word' id='word_1_38' title='bbox 673 267 885 297; x_wconf 81' lang='lat' dir='ltr'>exantlavisset</span> <span class='ocrx_word' id='word_1_39' title='bbox 908 277 1013 297; x_wconf 90' lang='lat' dir='ltr'>omnes</span> 
     </span>
     <span class='ocr_line' id='line_1_6' title="bbox 122 309 1014 350; baseline -0.001 -10"><span class='ocrx_word' id='word_1_40' title='bbox 122 310 250 348; x_wconf 80' lang='lat' dir='ltr'>labores,</span> <span class='ocrx_word' id='word_1_41' title='bbox 272 316 339 340; x_wconf 89' lang='lat' dir='ltr'>tum</span> <span class='ocrx_word' id='word_1_42' title='bbox 363 311 506 341; x_wconf 85' lang='lat' dir='ltr'>incideret</span> <span class='ocrx_word' id='word_1_43' title='bbox 530 311 562 340; x_wconf 91' lang='lat' dir='ltr'>in</span> <span class='ocrx_word' id='word_1_44' title='bbox 586 310 691 342; x_wconf 73' lang='lat' dir='ltr'>mortis</span> <span class='ocrx_word' id='word_1_45' title='bbox 717 310 834 341; x_wconf 84' lang='lat' dir='ltr'>malum</span> <span class='ocrx_word' id='word_1_46' title='bbox 858 309 1014 350; x_wconf 84' lang='lat' dir='ltr'>sempiter-</span> 
     </span>
     <span class='ocr_line' id='line_1_7' title="bbox 124 352 1012 394; baseline -0.002 -11"><span class='ocrx_word' id='word_1_47' title='bbox 124 362 210 382; x_wconf 87' lang='lat' dir='ltr'>num.</span> <span class='ocrx_word' id='word_1_48' title='bbox 245 353 373 383; x_wconf 79' lang='lat' dir='ltr'>Portum</span> <span class='ocrx_word' id='word_1_49' title='bbox 395 353 495 394; x_wconf 87' lang='lat' dir='ltr'>potius</span> <span class='ocrx_word' id='word_1_50' title='bbox 516 359 655 394; x_wconf 86' lang='lat' dir='ltr'>paratum</span> <span class='ocrx_word' id='word_1_51' title='bbox 678 353 764 383; x_wconf 85' lang='lat' dir='ltr'>nobis</span> <span class='ocrx_word' id='word_1_52' title='bbox 791 358 820 383; x_wconf 88' lang='lat' dir='ltr'>et</span> <span class='ocrx_word' id='word_1_53' title='bbox 837 352 1012 393; x_wconf 82' lang='lat' dir='ltr'>perfugium</span> 
     </span>
     <span class='ocr_line' id='line_1_8' title="bbox 124 395 1009 436; baseline -0.002 -10"><span class='ocrx_word' id='word_1_54' title='bbox 124 402 277 436; x_wconf 88' lang='lat' dir='ltr'>putemus.</span> <span class='ocrx_word' id='word_1_55' title='bbox 301 396 374 433; x_wconf 89' lang='lat' dir='ltr'>Quo</span> <span class='ocrx_word' id='word_1_56' title='bbox 398 396 516 426; x_wconf 85' lang='lat' dir='ltr'>utinam</span> <span class='ocrx_word' id='word_1_57' title='bbox 543 396 616 426; x_wconf 83' lang='lat' dir='ltr'>velis</span> <span class='ocrx_word' id='word_1_58' title='bbox 635 396 729 436; x_wconf 83' lang='lat' dir='ltr'>passis</span> <span class='ocrx_word' id='word_1_59' title='bbox 752 395 876 435; x_wconf 86' lang='lat' dir='ltr'>pervehi</span> <span class='ocrx_word' id='word_1_60' title='bbox 898 395 1009 425; x_wconf 81' lang='lat' dir='ltr'>liceat!</span> 
     </span>
     <span class='ocr_line' id='line_1_9' title="bbox 121 437 1012 478; baseline -0.002 -10"><span class='ocrx_word' id='word_1_61' title='bbox 121 438 168 468; x_wconf 81' lang='lat' dir='ltr'>sin</span> <span class='ocrx_word' id='word_1_62' title='bbox 184 438 359 469; x_wconf 78' lang='lat' dir='ltr'>reflantibus</span> <span class='ocrx_word' id='word_1_63' title='bbox 374 439 470 469; x_wconf 83' lang='lat' dir='ltr'>ventis</span> <span class='ocrx_word' id='word_1_64' title='bbox 486 438 666 478; x_wconf 89' lang='lat' dir='ltr'>rejiciemur,</span> <span class='ocrx_word' id='word_1_65' title='bbox 680 445 781 468; x_wconf 83' lang='lat' dir='ltr'>tamen</span> <span class='ocrx_word' id='word_1_66' title='bbox 799 438 903 468; x_wconf 90' lang='lat' dir='ltr'>eodem</span> <span class='ocrx_word' id='word_1_67' title='bbox 919 437 1012 478; x_wconf 89' lang='lat' dir='ltr'>paulo</span> 
     </span>
     <span class='ocr_line' id='line_1_10' title="bbox 120 480 1012 519; baseline -0.001 -8"><span class='ocrx_word' id='word_1_68' title='bbox 120 481 236 511; x_wconf 85' lang='lat' dir='ltr'>tardius</span> <span class='ocrx_word' id='word_1_69' title='bbox 250 481 426 519; x_wconf 83' lang='lat' dir='ltr'>referamur,</span> <span class='ocrx_word' id='word_1_70' title='bbox 443 491 560 511; x_wconf 84' lang='lat' dir='ltr'>necesse</span> <span class='ocrx_word' id='word_1_71' title='bbox 572 487 625 511; x_wconf 85' lang='lat' dir='ltr'>est.</span> <span class='ocrx_word' id='word_1_72' title='bbox 649 481 742 519; x_wconf 90' lang='lat' dir='ltr'>Quod</span> <span class='ocrx_word' id='word_1_73' title='bbox 754 486 856 510; x_wconf 89' lang='lat' dir='ltr'>autem</span> <span class='ocrx_word' id='word_1_74' title='bbox 869 480 1012 511; x_wconf 88' lang='lat' dir='ltr'>omnibus</span> 
     </span>
     <span class='ocr_line' id='line_1_11' title="bbox 119 523 1010 564; baseline -0.001 -10"><span class='ocrx_word' id='word_1_75' title='bbox 119 533 237 554; x_wconf 86' lang='lat' dir='ltr'>necesse</span> <span class='ocrx_word' id='word_1_76' title='bbox 258 530 312 562; x_wconf 83' lang='lat' dir='ltr'>est,</span> <span class='ocrx_word' id='word_1_77' title='bbox 335 524 404 554; x_wconf 87' lang='lat' dir='ltr'>idne</span> <span class='ocrx_word' id='word_1_78' title='bbox 425 524 570 554; x_wconf 85' lang='lat' dir='ltr'>miserum</span> <span class='ocrx_word' id='word_1_79' title='bbox 592 534 654 554; x_wconf 86' lang='lat' dir='ltr'>esse</span> <span class='ocrx_word' id='word_1_80' title='bbox 674 524 729 554; x_wconf 89' lang='lat' dir='ltr'>uni</span> <span class='ocrx_word' id='word_1_81' title='bbox 749 525 873 564; x_wconf 80' lang='lat' dir='ltr'>potest?</span> <span class='ocrx_word' id='word_1_82' title='bbox 904 523 1010 553; x_wconf 88' lang='lat' dir='ltr'>Habes</span> 
     </span>
     <span class='ocr_line' id='line_1_12' title="bbox 119 566 1009 608; baseline -0.002 -11"><span class='ocrx_word' id='word_1_83' title='bbox 119 567 286 607; x_wconf 83' lang='lat' dir='ltr'>epilogum,</span> <span class='ocrx_word' id='word_1_84' title='bbox 303 567 416 607; x_wconf 90' lang='lat' dir='ltr'>nequid</span> <span class='ocrx_word' id='word_1_85' title='bbox 431 567 668 608; x_wconf 65' lang='lat' dir='ltr'>praetermissum</span> <span class='ocrx_word' id='word_1_86' title='bbox 684 572 736 596; x_wconf 88' lang='lat' dir='ltr'>aut</span> <span class='ocrx_word' id='word_1_87' title='bbox 752 566 889 596; x_wconf 87' lang='lat' dir='ltr'>relictum</span> <span class='ocrx_word' id='word_1_88' title='bbox 911 572 1009 606; x_wconf 89' lang='lat' dir='ltr'>putes.</span> 
     </span>
     <span class='ocr_line' id='line_1_13' title="bbox 119 608 1008 650; baseline -0.002 -10"><span class='ocrx_word' id='word_1_89' title='bbox 119 610 267 640; x_wconf 77' lang='lat' dir='ltr'>Auditor.</span> <span class='ocrx_word' id='word_1_90' title='bbox 292 609 360 650; x_wconf 84' lang='lat' dir='ltr'>Ego</span> <span class='ocrx_word' id='word_1_91' title='bbox 376 620 465 640; x_wconf 85' lang='lat' dir='ltr'>vero:</span> <span class='ocrx_word' id='word_1_92' title='bbox 490 616 520 640; x_wconf 86' lang='lat' dir='ltr'>et</span> <span class='ocrx_word' id='word_1_93' title='bbox 541 609 665 650; x_wconf 88' lang='lat' dir='ltr'>quidem</span> <span class='ocrx_word' id='word_1_94' title='bbox 681 609 750 639; x_wconf 89' lang='lat' dir='ltr'>fecit</span> <span class='ocrx_word' id='word_1_95' title='bbox 770 609 861 639; x_wconf 84' lang='lat' dir='ltr'>etiam</span> <span class='ocrx_word' id='word_1_96' title='bbox 882 608 937 638; x_wconf 86' lang='lat' dir='ltr'>iste</span> <span class='ocrx_word' id='word_1_97' title='bbox 957 618 1008 638; x_wconf 85' lang='lat' dir='ltr'>me</span> 
     </span>
     <span class='ocr_line' id='line_1_14' title="bbox 119 651 1010 693; baseline -0.001 -11"><span class='ocrx_word' id='word_1_98' title='bbox 119 652 256 693; x_wconf 84' lang='lat' dir='ltr'>epilogus</span> <span class='ocrx_word' id='word_1_99' title='bbox 268 652 442 683; x_wconf 88' lang='lat' dir='ltr'>firmiorem.</span> <span class='ocrx_word' id='word_1_100' title='bbox 467 654 611 683; x_wconf 79' lang='lat' dir='ltr'>Marcus.</span> <span class='ocrx_word' id='word_1_101' title='bbox 636 652 774 692; x_wconf 86' lang='lat' dir='ltr'>Optime,</span> <span class='ocrx_word' id='word_1_102' title='bbox 788 652 923 692; x_wconf 81' lang='lat' dir='ltr'>iuquam.</span> <span class='ocrx_word' id='word_1_103' title='bbox 948 651 1010 681; x_wconf 87' lang='lat' dir='ltr'>Sed</span> 
     </span>
     <span class='ocr_line' id='line_1_15' title="bbox 117 694 1008 736; baseline -0.002 -11"><span class='ocrx_word' id='word_1_104' title='bbox 117 705 199 725; x_wconf 84' lang='lat' dir='ltr'>nunc</span> <span class='ocrx_word' id='word_1_105' title='bbox 215 695 338 736; x_wconf 85' lang='lat' dir='ltr'>quidem</span> <span class='ocrx_word' id='word_1_106' title='bbox 354 696 519 725; x_wconf 83' lang='lat' dir='ltr'>valetudini</span> <span class='ocrx_word' id='word_1_107' title='bbox 535 696 704 725; x_wconf 85' lang='lat' dir='ltr'>tribuamus</span> <span class='ocrx_word' id='word_1_108' title='bbox 720 694 844 735; x_wconf 87' lang='lat' dir='ltr'>aliquid.</span> <span class='ocrx_word' id='word_1_109' title='bbox 870 694 943 724; x_wconf 85' lang='lat' dir='ltr'>Cras</span> <span class='ocrx_word' id='word_1_110' title='bbox 954 704 1008 724; x_wconf 85' lang='lat' dir='ltr'>au-</span> 
     </span>
     <span class='ocr_line' id='line_1_16' title="bbox 116 736 1006 779; baseline -0.001 -11"><span class='ocrx_word' id='word_1_111' title='bbox 116 744 191 774; x_wconf 87' lang='lat' dir='ltr'>tem,</span> <span class='ocrx_word' id='word_1_112' title='bbox 205 744 234 767; x_wconf 91' lang='lat' dir='ltr'>et</span> <span class='ocrx_word' id='word_1_113' title='bbox 248 744 322 778; x_wconf 91' lang='lat' dir='ltr'>quot</span> <span class='ocrx_word' id='word_1_114' title='bbox 338 738 400 767; x_wconf 87' lang='lat' dir='ltr'>dies</span> <span class='ocrx_word' id='word_1_115' title='bbox 416 738 528 768; x_wconf 88' lang='lat' dir='ltr'>erimus</span> <span class='ocrx_word' id='word_1_116' title='bbox 543 738 574 767; x_wconf 89' lang='lat' dir='ltr'>in</span> <span class='ocrx_word' id='word_1_117' title='bbox 590 738 777 775; x_wconf 84' lang='lat' dir='ltr'>Tusculano,</span> <span class='ocrx_word' id='word_1_118' title='bbox 788 747 914 779; x_wconf 83' lang='lat' dir='ltr'>agamus</span> <span class='ocrx_word' id='word_1_119' title='bbox 929 736 1006 775; x_wconf 84' lang='lat' dir='ltr'>haec,</span> 
     </span>
     <span class='ocr_line' id='line_1_17' title="bbox 116 779 1006 821; baseline -0.001 -11"><span class='ocrx_word' id='word_1_120' title='bbox 116 786 146 810; x_wconf 88' lang='lat' dir='ltr'>et</span> <span class='ocrx_word' id='word_1_121' title='bbox 162 791 196 810; x_wconf 87' lang='lat' dir='ltr'>ea</span> <span class='ocrx_word' id='word_1_122' title='bbox 207 780 410 820; x_wconf 75' lang='lat' dir='ltr'>potissimum,</span> <span class='ocrx_word' id='word_1_123' title='bbox 427 791 496 821; x_wconf 78' lang='lat' dir='ltr'>quae</span> <span class='ocrx_word' id='word_1_124' title='bbox 510 781 690 810; x_wconf 83' lang='lat' dir='ltr'>levationem</span> <span class='ocrx_word' id='word_1_125' title='bbox 706 780 837 810; x_wconf 81' lang='lat' dir='ltr'>habeant</span> <span class='ocrx_word' id='word_1_126' title='bbox 852 779 1006 820; x_wconf 81' lang='lat' dir='ltr'>aegritudi·</span> 
     </span>
     <span class='ocr_line' id='line_1_18' title="bbox 116 822 1007 865; baseline 0.002 -13"><span class='ocrx_word' id='word_1_127' title='bbox 116 832 204 858; x_wconf 87' lang='lat' dir='ltr'>num,</span> <span class='ocrx_word' id='word_1_128' title='bbox 215 823 424 860; x_wconf 74' lang='lat' dir='ltr'>formidinum,</span> <span class='ocrx_word' id='word_1_129' title='bbox 438 823 639 863; x_wconf 86' lang='lat' dir='ltr'>cupiditatum</span> <span class='ocrx_word' id='word_1_130' title='bbox 651 834 659 853; x_wconf 74' lang='lat'>2</span> <span class='ocrx_word' id='word_1_131' title='bbox 684 823 738 864; x_wconf 89' lang='lat' dir='ltr'>qui</span> <span class='ocrx_word' id='word_1_132' title='bbox 747 823 832 854; x_wconf 85' lang='lat' dir='ltr'>omni</span> <span class='ocrx_word' id='word_1_133' title='bbox 843 833 858 854; x_wconf 86' lang='lat' dir='ltr'>e</span> <span class='ocrx_word' id='word_1_134' title='bbox 874 822 1007 865; x_wconf 89' lang='lat' dir='ltr'>philoso-</span> 
     </span>
     <span class='ocr_line' id='line_1_19' title="bbox 116 865 567 908; baseline 0.004 -12"><span class='ocrx_word' id='word_1_135' title='bbox 116 865 190 908; x_wconf 61' lang='lat' dir='ltr'>phia</span> <span class='ocrx_word' id='word_1_136' title='bbox 205 872 248 897; x_wconf 86' lang='lat' dir='ltr'>est</span> <span class='ocrx_word' id='word_1_137' title='bbox 259 866 374 897; x_wconf 81' lang='lat' dir='ltr'>fructus</span> <span class='ocrx_word' id='word_1_138' title='bbox 386 866 567 898; x_wconf 81' lang='lat' dir='ltr'>uberrimus.</span> 
     </span>
    </p>
   </div>
  </div>
 </body>
</html>
