1226 1935
210 78 272 109 DE
298 78 405 109 NAT.
430 77 567 109 DEOR.
594 77 672 108 Lm.
691 78 718 109 Ι.
743 78 826 109 ΟΑΡ.
843 78 894 108 41.
939 77 1003 108 333

115 163 224 194 till-atio
245 164 386 205 (Epicuri
411 164 493 194 enini
511 164 568 195 hoc
583 165 710 195 verbum
726 170 782 202 est)
800 163 935 195 sensibus
950 163 1004 193 ad-

115 207 245 237 hibetur.
279 209 449 248 Quousque
464 208 568 238 ludis?
592 217 664 237 nam
687 207 777 237 Philo
798 207 888 237 etiam
904 213 1004 236 noster

114 250 191 280 ferre
206 260 266 280 non
279 256 407 290 poterat,
421 250 594 291 adspernari
609 250 775 291 Epicureos
790 250 897 280 molles
912 249 1005 279 etde-

113 293 217 322 licatas
238 294 425 333 voluptates:
455 294 577 323 summa
598 294 679 323 enim
700 293 847 323 memoria
868 302 1004 333 pronun-

113 335 207 366 tiabat
222 336 369 376 plurimas
390 336 517 376 Epicuri
537 337 712 374 sententias,
735 336 782 366 his
801 336 873 376 ipsis
895 335 1002 372 verbis,

112 378 223 419 quibus
239 385 323 409 erant
339 379 465 420 scriptae.
499 379 667 409 Metrodori
688 389 768 416 vero,
786 379 840 420 qui
861 384 904 408 est
926 377 1003 418 Epi.

111 422 176 451 curi
192 422 306 462 collega
319 422 484 462 sapientiae,
502 423 600 452 multa
612 422 838 463 impudentiora
848 421 1004 451 recitabat.

111 464 245 494 Accusat
268 465 349 494 enim
370 466 589 502 Timocratem,
612 465 737 495 fratrem
759 474 862 502 suum,
886 464 1004 494 Metro-

112 507 214 543 dorus,
235 508 318 548 quod
337 508 454 538 dubitet
475 508 589 545 onmia,
612 519 681 548 quae
703 508 742 538 ad
764 509 884 538 beatam
908 507 1003 536 vitam

112 550 293 590 pertincant,
310 558 412 581 ventre
426 551 546 581 metiri:
571 561 670 591 neque
685 551 717 580 id
738 551 830 580 semel
851 550 934 587 dicit,
951 549 1004 579 sed

113 593 231 634 saepius.
269 594 419 624 Annuere
443 601 472 624 te
496 594 604 624 video:
637 600 710 624 nota
737 594 818 624 enim
843 593 898 623 tibi
923 598 1003 623 sunt.

113 636 282 666 Prsferrem
310 637 413 674 libros,
441 637 465 667 si
491 647 624 678 negares.
660 638 771 677 Neque
796 646 878 666 nunc
904 646 1005 676 repre-

112 679 223 717 hendo,
241 679 322 720 quod
338 680 376 709 ad
392 680 580 720 voluptatem
596 680 699 710 omnia
717 680 905 716 referantur;
930 679 1004 713 (alia

113 728 158 752 est
176 732 210 752 ea
231 723 371 763 quaestio)
393 723 444 753 sed
465 723 568 760 doc-eo,
591 723 673 753 Deos
689 729 800 753 vestros
819 733 881 753 esse
896 721 1005 762 volup-

114 765 183 795 tatis
199 772 355 806 expertes;
378 766 431 803 ita,
448 773 545 796 vestro
558 766 684 805 judicio,
701 776 739 796 ne
753 767 855 796 beatos
868 765 1003 806 quidem.

149 808 241 838 XLI.
253 809 300 838 At
309 809 411 839 dolore
422 815 537 839 vacant.
555 809 661 839 Sati'n'
670 815 713 839 est
723 809 754 838 id
764 809 802 838 ad
812 809 897 838 illam
907 809 1006 838 abun-

114 851 237 881 dantem
250 852 336 882 bonis
349 852 442 882 vitam
455 852 680 882 beatissimam?
700 852 832 892 Cogitat,
846 851 1004 892 inquiunt,

114 894 232 924 assidue
258 897 382 925 beatum
409 906 471 925 esse
497 906 548 925 se:
582 895 673 925 habet
697 895 779 924 enim
802 894 880 924 nihil
906 894 1002 932 aliud,

116 938 197 978 quod
218 938 311 978 agitet
330 938 362 967 in
383 944 494 968 mente.
527 938 759 978 Comprehende
779 938 872 978 igitur
888 937 1002 974 animo,

115 986 145 1010 et
160 991 294 1021 propone
314 987 383 1011 ante
403 982 516 1016 oculos,
539 981 643 1011 Deum
664 981 741 1011 nihil
761 981 845 1011 aliud
867 980 899 1010 in
921 980 1006 1010 omni

116 1024 292 1061 aeternitate,
309 1024 377 1061 nisi,
396 1027 418 1042 ‘⁶
429 1024 512 1054 Mihi
528 1024 654 1065 pulchre
666 1025 744 1061 est,''
761 1030 801 1063 et,
819 1027 841 1041 “
853 1024 922 1064 Ego
934 1025 1005 1053 bea-

117 1072 166 1096 tus
181 1068 284 1104 sum,''
301 1067 493 1107 cogitantem.
521 1068 588 1097 Nec
603 1073 707 1097 tamen
722 1067 820 1105 video,
838 1078 898 1108 quo
913 1066 1005 1096 modo

116 1119 177 1140 non
194 1116 330 1141 veleatur
344 1111 398 1140 iste
414 1110 500 1140 Deus
514 1112 631 1147 beatus,
648 1120 685 1140 ne
700 1110 838 1147 intereat,
855 1120 925 1140 cum
942 1109 1006 1140 sine

117 1153 181 1182 ulla
207 1153 425 1184 intermissione
450 1153 587 1194 pulsetur
616 1153 807 1194 agiteturque
836 1153 1006 1183 incursione

116 1202 287 1226 atomorum
318 1196 511 1237 sempiterni,
542 1206 674 1237 cumque
700 1207 738 1226 ex
767 1197 833 1236 ipso
859 1196 1007 1236 imagines

117 1249 235 1280 semper
250 1239 386 1269 affluant.
411 1240 461 1270 Ita
475 1249 530 1270 nec
545 1241 651 1270 beatus
667 1245 710 1269 est
725 1245 821 1269 vester
836 1239 933 1277 Deus,
950 1249 1006 1269 nec

115 1288 253 1312 aeternus.

157 1326 204 1356 A:
220 1326 310 1356 etiam
326 1326 364 1356 de
381 1326 549 1365 sanctitate,
571 1325 608 1356 de
628 1326 738 1367 pietate
753 1325 895 1356 adversus
910 1325 1005 1363 Deos,

115 1368 207 1399 libros
222 1369 338 1410 scripsit
357 1369 520 1410 Epicurus.
552 1370 598 1399 At
616 1379 677 1410 quo
692 1369 783 1399 modo
798 1369 829 1398 in
844 1368 892 1398 his
906 1369 1007 1409 loqui-

116 1418 166 1442 tur
182 1414 196 1442 1³
231 1418 265 1442 ut
292 1413 530 1449 Coruncanium,
561 1419 615 1442 aut
640 1413 818 1449 Scaevolam,
849 1412 1006 1452 pontifices

117 1455 278 1492 maximos,
301 1462 330 1485 te
350 1456 455 1485 audire
475 1455 575 1491 dicas;
600 1465 662 1485 non
682 1465 765 1493 eum,
782 1454 836 1496 qui
851 1454 1007 1484 sustulerit

117 1508 240 1528 omnem
273 1498 412 1528 funditus
447 1499 623 1539 religionem
640 1510 650 1534 ς
689 1508 744 1528 nec
780 1498 933 1535 manibus,
971 1503 1008 1527 ut

119 1541 249 1579 Xerxes,
271 1541 323 1571 sed
343 1541 521 1579 rationibus,
539 1542 677 1572 Deorum
692 1541 914 1571 immortalium
930 1546 1008 1570 tem-

118 1585 170 1624 pla
192 1590 221 1614 et
243 1594 308 1614 aras
331 1585 476 1615 everterit.
512 1584 599 1622 Quid
621 1589 665 1614 est
686 1584 778 1621 enim,
801 1594 854 1614 cur
869 1583 952 1613 Deos
967 1584 1005 1613 ab

118 1627 293 1657 hominibus
316 1628 454 1658 colendos
478 1627 569 1665 dicas,
593 1638 616 1657 c
612 1638 663 1658 un
686 1627 741 1657 Dii
759 1637 820 1657 non
839 1626 930 1656 modo
950 1626 1006 1655 ho-

117 1670 215 1700 mines
238 1680 300 1701 non
322 1671 432 1710 colant,
459 1671 512 1702 sed
537 1671 662 1701 omnino
686 1670 764 1701 nihil
790 1675 906 1709 curent,
929 1668 1008 1700 nihil

116 1713 231 1754 agant⁹
