1226 1935
209 75 271 104 256
337 74 460 106 TUSC.
477 75 650 113 QUAEST.
667 75 746 106 Lm.
769 75 807 106 V.
832 75 914 106 CAI’.
932 76 953 105 G

207 167 262 198 ter,
279 161 440 201 sapienter,
453 161 577 192 fortiter.
602 162 678 192 Haec
690 161 781 192 etiam
797 162 828 192 in
844 161 1009 202 equuleum
1024 170 1096 192 con-

206 204 366 243 jiciuntur,
383 215 443 244 quo
460 205 521 234 vita
536 215 595 235 non
612 205 744 245 adspirat
759 206 855 235 beata.

251 248 394 276 M'arcus.
419 247 505 285 Quid
520 247 612 287 igitur
624 251 637 278 2³
661 248 762 278 solane
782 249 870 278 beata
890 248 962 285 vita,
979 257 1094 288 queem,

206 290 389 330 relinquitur
404 297 489 320 extra
500 291 610 320 ostium
623 291 778 331 limenque
793 291 926 325 carceris,
941 301 1011 320 cum
1024 300 1095 320 con-

206 333 327 370 statiua,
344 334 484 373 gravitas,
498 333 654 370 fortitudo,
671 334 827 374 sapientia,
841 334 1025 374 reliquaeque
1035 333 1095 362 vir-

206 382 296 413 tutes,
314 376 387 416 rapi
380 383 469 406 mtur
482 377 519 406 ad
532 383 685 413 tortorem,
699 377 882 417 nullumque
893 382 1030 406 recusent
1041 385 1097 405 nec

207 419 391 459 supplicium
412 429 467 450 nec
487 419 647 450 dolorem?
671 420 817 449 Αιιιῖὶΐοι.
843 419 906 456 Tu,
925 419 949 449 si
970 418 1044 459 quid
1065 429 1096 448 es

206 462 250 492 fa(
238 469 352 496 τωῑιι5
364 472 441 492 nova
457 463 559 503 aliqua
571 463 741 503 conquiras,
752 468 877 503 oportet.
903 463 965 492 Ista
974 472 1024 492 me
1036 461 1095 491 mi-

206 506 289 535 nime
304 511 437 543 movent,
454 515 514 535 non
531 506 629 535 solum
646 505 718 546 quia
733 506 910 545 pervulgata
925 511 995 534 sunt
1008 516 1018 540 ς
1043 504 1096 534 sed

206 548 305 578 multo
320 548 428 588 magis,
446 548 529 589 quia,
546 554 704 589 tamquam
716 548 794 578 levia
809 548 949 588 quaedam
966 548 1036 578 vina
1050 547 1098 576 ni-

205 591 249 620 hil
266 592 367 620 valent
381 591 412 621 in
428 591 519 632 aqua,
537 591 578 621 sic
594 592 763 621 Stoicorum
779 591 837 621 ista
851 590 948 631 magis
963 596 1095 630 gustata,

205 645 300 675 quam
315 639 429 674 potata,
446 634 604 664 delectant.
628 634 723 664 Velut
738 634 793 664 iste
808 634 916 663 chorus
932 633 1092 670 virtutum,

203 677 234 706 in
252 677 436 717 equuleum
429 677 600 717 impositus,
610 677 759 717 imagines
773 676 928 707 constituit
942 682 1012 706 ante
1024 686 1095 706 ocu-

204 720 250 750 los
265 730 334 750 cum
352 720 540 760 amplissima
555 720 713 761 dignitate,
729 726 764 750 ut
779 719 817 749 ad
836 730 885 749 eas
900 719 1011 750 cursim
1027 729 1096 759 per-

205 768 324 793 rectura
342 764 430 793 beata
445 763 517 800 vita,
534 773 588 793 nec
603 774 652 793 eas
672 774 690 793 a
705 773 735 793 se
756 763 885 792 desertas
901 772 1036 803 passura,
1052 761 1098 791 vi-

204 806 321 835 deatur.
354 806 435 836 Cum
456 812 559 836 autem
575 806 714 836 animum
729 807 767 836 ab
783 805 833 835 ist
823 819 841 835 ι
852 805 970 846 pictura
985 804 1095 845 imagi-

203 849 356 889 nibusque
371 849 531 886 virtutum,
547 849 586 879 ad
601 859 665 879 rem
681 849 897 889 veritatemque
912 847 1094 884 traduxeris‚

204 892 263 922 hoc
282 892 401 922 nudum
423 892 616 932 relinquitur,
639 892 777 922 Possitne
799 892 868 933 quis
890 893 996 922 beatus
1019 901 1094 929 esse,

206 935 355 976 quamdiu
372 940 547 976 torqueatur
561 937 575 966 ?

247 978 458 1015 Quamobrem
467 978 525 1008 hoc
534 988 615 1009 nunc
624 988 805 1019 quaeramus.
830 977 967 1008 Virtutes
977 982 1093 1014 autem,

203 1021 266 1052 noli
282 1021 386 1060 vereri,
404 1031 442 1051 ne
463 1022 664 1062 expostulent,
687 1028 715 1051 et
733 1027 899 1062 querantur
919 1031 949 1050 se
969 1031 987 1050 a
1007 1020 1097 1050 beata

202 1065 266 1095 vita
290 1075 353 1094 esse
379 1064 505 1094 relictas.
540 1064 574 1094 Si
599 1065 680 1094 enim
705 1065 791 1094 nulla
813 1064 907 1094 virtus
930 1063 1094 1104 prudentia

202 1114 300 1145 vacat,
325 1107 486 1148 prudentia
509 1107 575 1148 ipsa
596 1108 653 1137 hoc
677 1107 769 1144 videt,
792 1117 852 1137 non
875 1117 980 1136 omnes
998 1107 1093 1136 bonos

203 1161 266 1182 esse
282 1151 372 1181 etiam
388 1152 510 1180 beatos:
535 1151 694 1191 multaque
715 1150 753 1180 de
769 1150 818 1180 M*
840 1149 950 1187 Atilio,
967 1149 1008 1187 Q.
1026 1150 1094 1179 Cae-

202 1194 303 1234 pione,
329 1193 377 1223 M.
394 1193 546 1234 Aquinio,
569 1193 760 1229 recordatum
784 1194 965 1233 beatamque
986 1192 1092 1230 vitam,

203 1237 228 1267 si
250 1237 434 1277 imaginibus
456 1236 556 1277 potius
578 1236 634 1274 uti,
659 1246 752 1277 quam
775 1237 863 1266 rebus
885 1235 957 1275 ipsis
979 1235 1089 1275 placet,

201 1286 361 1311 conantem
377 1279 420 1309 ire
435 1280 465 1309 in
479 1279 655 1320 equuleum,
672 1279 779 1309 retinet
793 1278 874 1319 [ipsa
891 1278 1066 1319 prudentia]
1080 1289 1090 1314 ;

201 1329 353 1364 negatque
375 1323 402 1353 ei
422 1333 493 1354 cum
512 1322 614 1353 dolore
635 1327 665 1354 et
684 1322 817 1353 cruciatu
839 1321 1009 1363 quidquam
1030 1331 1094 1352 esse

203 1376 375 1396 commune.

247 1409 306 1439 VI.
325 1410 369 1439 M
369 1419 468 1439 arcus.
482 1408 585 1439 Facile
596 1408 694 1449 patior
706 1413 735 1438 te
747 1408 803 1438 isto
814 1407 906 1437 modo
917 1417 1022 1447 agere3
1039 1407 1094 1437 etsi

201 1452 344 1493 iniquum
360 1459 403 1482 est
423 1452 613 1492 praescribere
633 1451 711 1481 mihi
731 1457 771 1488 te,
794 1450 1053 1491 quemadmodum
1075 1461 1094 1480 a

201 1505 251 1525 me
266 1495 414 1535 disputari
429 1495 511 1524 velis.
536 1495 595 1525 Sed
611 1505 723 1535 quaero,
737 1501 841 1524 utrum
857 1493 973 1533 aliquid
988 1499 1091 1522 actum

201 1538 405 1579 superioribus
422 1537 538 1575 diebus,
552 1548 590 1567 an
607 1538 694 1575 nihil
712 1537 913 1567 arbitremur.
906 1538 919 1556 ⁴
943 1536 1091 1565 Auditor.

200 1582 306 1612 Actui
299 1591 318 1610 1
329 1591 409 1617 vero,
421 1587 450 1610 et
460 1581 652 1621 aliquantum
662 1580 795 1621 quidem.
820 1580 866 1609 M
865 1590 901 1608 ιι)
903 1589 963 1608 cus.
977 1578 1090 1619 Atqui,

199 1624 224 1654 si
240 1625 283 1654 ita
298 1630 352 1661 est,
369 1623 476 1664 proflio
459 1630 528 1653 rata
540 1624 605 1663 jam
620 1623 696 1659 hoec,
714 1629 742 1653 et
757 1633 822 1663 pter
817 1634 842 1652 e
854 1622 892 1652 ad
908 1632 936 1652 e
936 1622 1024 1651 :itum
1037 1621 1092 1650 ad-

199 1667 302 1704 ducta,
326 1666 451 1708 quaestio
476 1673 528 1696 est.
562 1666 708 1696 Auditor.
731 1665 803 1703 Quo
824 1664 947 1695 tandem
972 1664 1089 1694 modo?

200 1712 344 1743 Marcus.
361 1709 445 1750 Quia
459 1715 560 1741 motus
575 1708 753 1740 turbulenti.
767 1708 1004 1749 jactationesque
1024 1706 1090 1739 ani·
