1226 1935
243 70 367 103 TUSC.
384 71 558 110 QUAEST.
576 72 656 102 11113.
674 71 740 102 111.
758 72 842 103 01³1».
860 72 890 108 7.
956 72 1015 108 187

125 160 217 197 atque
231 157 388 188 usitatum.
412 158 560 188 Furorem
573 163 676 188 autem
691 168 753 189 esse
768 158 826 188 rati
841 163 912 189 sunt
927 167 1019 187 men-

128 198 167 229 tis
182 199 221 230 ad
243 201 347 231 omnia
367 201 553 231 caecitatem:
579 201 661 242 quod
681 212 751 231 cum
774 202 874 240 majus
895 211 957 231 esse
978 200 1024 230 vi-

129 241 237 273 deatur
252 254 345 284 quam
361 244 488 281 insania,
504 250 606 274 tamen
623 244 771 283 ejusmodi
784 250 838 281 est,
852 251 887 274 ut
899 243 999 273 furor
992 253 1024 273 m

131 285 297 325 sapientem
313 286 417 317 cadere
432 287 536 328 possit,
553 297 614 317 non
630 287 722 328 possit
738 287 863 317 insania.
889 287 948 317 Sed
960 286 1026 317 haee

131 327 192 359 alia
206 329 332 369 quaestio
348 337 400 360 est.
426 330 492 360 Nos
507 331 546 360 ad
562 330 749 379 propositum
765 336 960 360 revertamur.

177 371 205 401 V
210 373 237 402 l.
270 372 396 410 Cadere,
423 373 540 414 opinor,
568 373 599 403 in
625 374 790 413 sapientem
815 372 1027 413 aegritudinem

134 414 190 445 tibi
213 415 316 445 dixisti
341 416 443 446 videri.
473 418 619 447 Auditor.
649 417 692 446 Et
717 427 786 446 vero
809 417 851 446 ita
875 416 1026 446 existimo.

134 458 279 488 Marcus.
305 459 489 490 Humanum
502 460 533 489 id
548 459 684 500 quidem,
701 459 785 500 quod
800 459 842 489 ita
852 459 1025 489 existimas:

134 509 195 530 non
212 501 293 531 enim
310 502 390 532 silice
405 503 468 533 nati
485 513 599 533 sumus.
635 502 696 533 Sed
717 509 761 532 est
781 502 890 532 natura
912 502 974 531 fere
997 502 1029 531 in

134 543 245 575 animis
261 551 398 575 tenerum
414 545 561 586 quiddam
577 552 668 586 atque
683 546 786 583 molle,
804 545 886 586 quod
907 545 1030 585 agritu-

135 586 217 624 dine,
229 588 316 628 quasi
326 594 513 629 tempestate,
525 589 688 629 quatiatur.
713 589 743 619 N
748 599 780 618 ec
792 588 921 618 absurde
933 590 1031 618 Cran-

120 660 124 663 .
136 635 183 660 tor
199 630 261 669 ille,
279 631 332 672 qui
344 631 375 661 in
386 633 488 662 nostra
499 632 671 662 Academia
681 631 746 661 vel*
738 641 769 661 111
781 631 886 672 primis
902 631 961 660 fuit
976 641 1032 660 no-

136 672 218 721 111115,
231 677 253 691 “
265 674 433 711 Minime,''
444 675 556 716 inquit,
569 678 590 692 ‘⁶
599 675 744 705 assentior
755 675 802 712 115,
815 674 868 715 qui
878 675 968 704 istam
978 684 1032 704 ne-

137 716 197 746 scio
213 727 307 758 quam
325 717 524 748 indolentiam
540 728 724 759 magnopere
739 718 876 754 laudant,
894 728 964 758 quae
975 727 1031 748 nec

136 765 236 799 potest
250 761 314 790 ulla
329 771 402 797 esse,
419 771 474 791 nec
489 761 587 792 debet.
612 762 663 791 Ne
679 767 809 801 aegrotus
824 761 893 798 sim,
910 761 1010 801 inquit
1022 772 1031 790 :

137 802 200 840 sed,
218 803 242 833 si
256 803 379 841 fuerim,
397 814 500 835 sensus
518 804 641 845 [adsit,]
659 805 720 834 sive
738 810 852 834 secetur
867 803 954 845 quid,
971 803 1034 834 sive

137 846 286 877 avellatur
300 857 319 882 a
334 858 456 888 corpore
469 859 478 877 ι
502 857 574 878 nam
590 847 667 877 istuc
683 847 760 876 nihil
775 847 876 877 dolere
891 857 952 880 non
968 847 1033 877 sine

139 889 254 930 magna
283 890 420 921 mercede
446 891 606 931 contingit,
634 890 833 920 immanitatis
846 890 892 923 ,111
917 890 1032 938 animo,

139 932 270 973 stuporis
286 933 317 963 in
333 934 477 974 corpore.'
481 934 573 964 'Sed
589 933 758 971 videamus,
769 943 807 963 ne
819 933 884 963 haec
895 933 990 963 matio
1000 933 1038 963 sit

139 974 302 1010 hominum
329 977 547 1007 assentantium
571 983 681 1007 nostrae
702 976 914 1013 imbecillitati,
937 982 966 1006 et
987 976 1035 1006 in-

140 1018 335 1059 dulgentium
353 1020 558 1054 mollitudini:
584 1030 638 1050 nos
657 1026 760 1050 autem
783 1019 950 1049 audeamus
972 1029 1034 1049 non

141 1062 241 1092 solum
254 1073 353 1093 ramos
369 1070 528 1104 amputare
542 1063 746 1099 miseriarum,
767 1063 819 1093 sed
835 1072 940 1093 omnes
955 1062 1037 1092 radi-

140 1115 212 1136 cum
228 1105 318 1139 fibras
333 1106 469 1139 evellere.
493 1106 614 1138 Tamen
629 1106 746 1147 aliquid
766 1106 954 1147 relinquetur
974 1105 1036 1135 for-

142 1154 238 1181 tasse:
264 1149 306 1183 ita
321 1156 391 1179 sunt
405 1150 475 1180 altae
490 1150 597 1190 stirpes
607 1150 751 1180 stultitiae.
776 1149 836 1180 Sed
848 1149 1037 1189 relinquetur

141 1191 174 1222 id
189 1191 299 1229 solum,
317 1192 399 1233 quod
415 1193 470 1223 erit
492 1192 702 1224 necessarium.
742 1192 827 1223 Illud
848 1192 973 1233 quidem
995 1191 1036 1222 sic

141 1235 263 1272 habeto,
280 1235 337 1265 nisi
353 1242 475 1266 sanatus
491 1236 612 1266 animus
635 1236 683 1273 sit,
701 1236 798 1277 (quod
818 1236 882 1266 sine
902 1235 1037 1276 philoso-

141 1278 216 1319 phia
228 1278 293 1308 fieri
308 1289 369 1309 non
385 1285 495 1320 potest)
509 1279 599 1309 finem
617 1279 808 1309 miseriarum
824 1279 946 1308 nullum
962 1278 1036 1309 fore.

144 1321 368 1359 Quamobrem..
396 1323 543 1363 quoniam
569 1322 726 1363 ecepimus,
749 1322 904 1352 tradamus
930 1331 985 1351 nos
1009 1321 1037 1351 ei

142 1365 300 1396 curandos.
336 1365 531 1404 Sanabimur,
559 1366 583 1396 si
608 1366 756 1399 volemus.
794 1365 838 1396 Et
862 1364 1038 1406 progrediar

143 1408 269 1448 quidem
294 1409 434 1449 longius:
468 1419 529 1439 non
555 1408 636 1439 enim
661 1409 698 1439 de
723 1408 901 1449 aegritudine
926 1408 1038 1445 solum,

144 1461 333 1492 quamquam
349 1452 381 1482 id
396 1452 521 1492 quidem
541 1452 690 1493 primum,
707 1452 759 1482 sed
774 1452 811 1482 de
827 1451 912 1482 omni
930 1451 1038 1487 animi,

143 1500 181 1524 ut
195 1505 250 1535 ego
259 1495 358 1535 posui,
372 1495 611 1536 perturbatione,
624 1496 743 1533 morbo,
758 1501 793 1525 ut
805 1494 905 1525 Graeci
918 1494 1038 1529 volunt,

146 1538 313 1578 explicabo.
337 1538 381 1568 Et
395 1538 506 1579 primo,
521 1538 545 1568 si
560 1539 670 1579 placet,
687 1539 859 1569 Stoicorum
872 1548 956 1567 more
968 1547 1041 1577 aga-

146 1590 227 1618 mus,
244 1581 298 1621 qui
309 1582 438 1612 breviter
450 1581 635 1622 adstringere
650 1582 746 1612 solent
761 1587 962 1622 argumentag
987 1580 1041 1610 de-

144 1624 216 1654 inde
231 1630 332 1654 nostro
347 1624 485 1655 instituto
501 1625 689 1665 vagabimur.

190 1667 270 1697 VII.
295 1667 361 1705 Qui
386 1668 470 1698 fortis
496 1675 551 1706 est,
575 1668 657 1698 idem
679 1674 722 1699 est
738 1667 833 1698 fidens
847 1679 855 1697 :
881 1666 1041 1707 (quoniam

146 1710 311 1749 confidens,
327 1711 410 1741 malit
425 1711 642 1742 consuetudine
656 1711 813 1752 loquendi,
827 1711 859 1740 in
872 1710 945 1740 vitio
954 1709 1042 1751 poni-

145 1758 206 1793 tur,
223 1753 351 1785 ductum
367 1756 496 1785 verbum
511 1765 530 1786 a
545 1755 735 1793 confidendo,
753 1753 836 1795 quod
851 1753 950 1784 laudis
972 1759 1040 1789 est.)
