1180 1935
199 86 262 123 374
306 85 368 117 DE
385 86 494 118 NAT.
510 85 648 118 DEOR.
664 85 744 118 Lm.
760 85 808 118 11.
825 85 908 118 Cn.
923 86 976 118 40.

200 173 373 212 stinguitur.
395 172 488 203 Adde
502 173 563 203 huc
577 172 709 204 fontium
733 172 847 213 gelidas
873 171 1084 213 perennitates,

199 215 332 256 liquores
346 215 511 257 pellucidos
526 216 676 253 amnium,
689 216 824 256 riparum
834 215 958 246 vestitus
970 216 1087 246 viridis-

201 258 304 295 simos,
332 259 543 299 speluncarum
570 269 713 289 concavas
735 258 919 295 altitudines,
945 269 1088 290 saxorum

200 301 384 342 asperitates,
401 301 642 342 impendentium
657 302 810 332 montium
824 301 1009 339 altitudines,
1030 302 1088 332 im-

199 344 433 385 mensitatesque
463 355 640 385 camporum
650 356 659 374 1
699 344 775 374 adde
801 344 893 375 etiam
922 344 1088 375 reconditas

200 387 268 417 auri
283 388 459 428 argentique
480 397 581 425 venas,
604 387 817 428 infinitamque
834 387 899 417 vim
918 387 1087 418 marmoris.

203 430 283 468 Quae
299 441 378 467 vero,
396 437 425 460 et
436 441 530 471 quam
546 430 628 461 varia
643 440 751 470 genera
766 430 930 460 bestiarum
945 430 993 460 vel
1008 430 1089 461 cicu-

201 483 282 510 rum,
295 473 343 503 vel
361 473 493 503 ferarum
506 474 513 502 !
549 473 603 514 qui
619 473 777 503 volucrum
792 473 895 513 lapsus
911 478 1004 514 atque
1018 484 1089 504 can-

202 516 272 546 tus!
307 516 361 556 qui
385 516 537 557 pecudum
561 516 684 556 pastus!
710 527 779 556 quae
803 516 865 546 vita
884 516 1088 546 silvestrium!

203 558 289 596 Quid
310 559 375 597 jam
401 559 439 589 de
460 559 621 589 hominum
643 569 751 599 genere
771 559 897 589 dicam?
920 559 985 599 qui,
1005 559 1092 600 quasi

202 602 331 632 cultores
347 607 432 632 terrae
452 601 616 638 constituti,
636 611 697 631 non
712 601 870 642 patiuntur
885 611 952 631 eam
968 612 1023 632 nec
1034 601 1093 632 im-

202 645 348 674 manitate
363 645 535 675 belluarum
551 644 677 682 efferari,
700 654 754 674 nec
772 644 911 685 stirpium
934 645 1093 686 asperitate

203 687 312 717 vastari
323 699 332 723 ς
358 698 550 728 quorumque
561 687 701 728 operibus
716 687 792 727 agri,
802 687 921 723 insulae,
931 687 1091 729 litoraque,

205 730 365 767 collucent,
393 730 533 761 distincta
556 730 641 761 tectis
665 736 694 760 et
714 730 851 761 urbibus.
896 730 976 768 Quae
1000 731 1035 768 si,
1058 736 1094 761 ut

202 773 323 809 animis,
340 773 382 803 sic
403 774 497 804 oculis
517 773 618 803 videre
638 783 804 814 possemus,
826 783 927 811 nemo,
952 780 1092 804 cunctam

205 816 325 846 intuens
341 821 463 853 terram,
476 816 514 846 de
525 816 629 846 divina
643 816 758 846 ratione
772 816 932 847 dubitaret.

247 859 293 889 At
303 869 373 889 vero
385 865 500 900 quanta
509 859 600 889 maris
611 865 654 889 est
666 859 860 900 pulchritudo
873 860 881 889 !
900 870 969 900 quae
981 859 1092 900 species

203 901 362 932 universi!
399 913 468 943 quae
497 902 663 932 multitudo
693 908 722 932 et
747 902 873 933 varietas
898 902 1090 933 insularum!

205 955 274 985 quae
299 945 485 976 amoenitates
510 955 632 975 orarum
653 951 682 975 et
701 945 846 975 litorum!
872 951 947 986 quot
970 955 1091 985 genera,

204 998 360 1028 quamque
389 988 530 1028 disparia,
568 988 679 1029 partim
714 990 951 1025 submersarum,
981 988 1093 1028 partim

204 1030 391 1061 fluitantium
407 1037 436 1061 et
452 1031 623 1061 innantium
638 1031 821 1068 belluarum,
838 1031 950 1072 partim
966 1031 1004 1060 ad
1020 1042 1093 1061 saxa

207 1074 315 1104 nativis
332 1074 416 1104 testis
436 1073 671 1104 inhaerentium!
697 1074 805 1114 Ipsum
821 1080 924 1104 autem
945 1084 1029 1104 mare
1049 1074 1091 1104 sic

201 1122 313 1146 terram
329 1123 472 1157 appetens
482 1117 619 1147 litoribus
634 1116 788 1158 [alludit‚]
801 1123 836 1147 ut
847 1127 910 1147 una
919 1128 956 1147 ex
973 1117 1092 1147 duabus

205 1160 321 1190 naturis
334 1159 462 1190 conflata
478 1160 623 1190 videatur.

248 1202 369 1233 Exinde
385 1203 462 1232 mari
477 1202 624 1233 finitimus
644 1205 696 1233 εδι-
710 1202 758 1233 die
778 1208 807 1233 et
827 1209 913 1233 nocte
933 1202 1093 1243 distingui-

205 1250 274 1275 tur:
300 1246 386 1286 isque
398 1252 463 1276 tum
479 1246 564 1276 fusus
580 1253 609 1276 et
624 1252 804 1276 extenuatus
825 1246 954 1276 sublime
974 1245 1092 1281 fertur;

204 1293 272 1318 tum
288 1294 390 1319 autem
406 1295 571 1325 concretus,
588 1289 619 1319 in
643 1291 739 1319 nubes
758 1289 894 1329 cogitur:
919 1288 1093 1319 humorem-

206 1342 266 1372 que
284 1332 438 1371 colligens,
455 1338 565 1362 terram
581 1338 672 1372 auget
691 1332 863 1367 imbribus;
888 1338 954 1362 tum
970 1332 1095 1362 effluens

206 1374 266 1405 huc
281 1379 310 1404 et
321 1375 404 1412 illuc,
422 1382 526 1405 ventos
542 1375 640 1405 efficit.
666 1375 753 1405 Idem
769 1385 885 1405 annuas
901 1375 1048 1414 frigorum
1064 1381 1093 1405 et

206 1418 340 1448 calorum
356 1418 427 1448 facit
442 1418 614 1448 varietates:
640 1418 782 1459 idemque
802 1424 832 1448 et
852 1418 969 1448 volatus
985 1418 1092 1448 alitum

204 1460 343 1498 sustinet,
354 1467 395 1498 81,
409 1461 514 1502 spiritu
527 1462 646 1497 ductus,
658 1461 711 1491 alit
721 1467 750 1491 et
762 1467 908 1491 sustentat
918 1460 1093 1491 animantes.

249 1503 320 1533 XL.
345 1504 452 1534 Restat
468 1505 607 1541 ultimus,
624 1510 653 1534 et
674 1515 691 1534 a
706 1503 865 1534 domiciliis
881 1504 988 1533 nostris
1011 1504 1092 1534 altis-

206 1546 311 1581 simus,
333 1548 436 1577 omnia
462 1547 583 1587 cingens
607 1553 636 1577 et
658 1550 794 1577 co'e'rccns
817 1547 882 1577 coeli
905 1547 1091 1586 complexus,

206 1589 260 1629 qui
284 1589 365 1619 idem
392 1590 484 1620 aether
515 1596 647 1625 vocatur‚
675 1596 809 1620 extrema
829 1600 880 1619 ora
899 1595 929 1619 et
952 1589 1094 1619 determi-

206 1632 290 1662 natio
305 1633 434 1669 mundi;
460 1633 491 1662 in
510 1644 581 1673 quo,
606 1643 676 1663 cum
694 1632 926 1663 admirabilitate
946 1632 1093 1669 maxima,

204 1674 303 1714 igneae
329 1675 435 1706 formae
466 1686 569 1706 cursus
593 1676 744 1706 ordinatos
768 1676 926 1706 definiunt.
972 1675 999 1705 E
1027 1675 1095 1716 qui-
1147 1674 1149 1681 '

206 1718 265 1748 bus
280 1719 336 1756 sol,
353 1720 440 1758 cujus
455 1719 665 1759 magnitudine
681 1719 785 1749 multis
801 1719 937 1759 partibus
953 1724 1030 1748 terra
1045 1729 1094 1748 su-

206 1768 339 1801 peratur,
364 1761 476 1793 circum
500 1772 566 1793 eam
588 1762 686 1803 ipsam
709 1762 858 1793 volvitur:
882 1761 979 1802 isque,
999 1761 1095 1792 oriens
1147 1775 1150 1784 v
