1226 1935
185 84 246 114 292
312 81 436 113 TUSC.
447 82 621 121 QUAEST.
649 83 728 114 Lm.
740 83 781 114 V.
798 82 881 113 CAr.
894 83 946 114 41.

186 169 358 199 laboremus
369 171 383 200 Ρ
407 169 518 200 Portus
531 169 612 200 enim
628 175 737 211 praesto
749 176 803 207 est,
821 169 985 211 [quoniam
995 177 1079 198 mors

186 212 300 242 ibidem
325 213 384 253 est]
410 219 558 243 aeternum
578 213 655 243 nihil
680 213 819 244 sentienti
843 212 1077 253 receptaculum.

186 254 366 285 Theodorus
391 256 574 296 Lysimacho
598 262 728 286 mortem
753 256 918 293 minitanti,
945 258 966 273 “
984 255 1078 294 Mag-

185 308 262 328 num
287 299 390 337 ver0,''
414 299 525 340 inquit,
551 302 573 316 ‘⁶
599 299 731 337 effecisti,
756 299 779 329 si
806 298 989 329 cantharidis
1013 298 1076 327 vim

186 348 363 371 consecutus
390 343 453 372 es.''
498 343 613 372 Paulus
642 343 742 372 Persa:
768 341 949 382 deprecanti,
981 351 1019 370 ne
1044 340 1077 369 in

185 384 342 425 triumpho
364 385 540 415 duceretur:
567 389 589 402 “
606 386 645 415 In
667 386 721 415 tua
742 385 773 415 id
789 385 912 426 quidem
932 388 1079 424 potestate

186 428 263 457 est.''
288 427 393 458 Multa
408 428 506 469 primo
522 428 581 465 die,
598 438 668 458 cum
684 429 721 458 de
737 428 803 469 ipsa
819 434 915 458 morte
931 436 1080 468 quierere-

186 480 268 508 mus,
292 481 352 500 non
368 482 465 511 pauca
480 472 571 501 etiam
587 477 717 511 postero,
734 481 804 501 cum
820 476 958 511 ageretur
972 469 1009 499 (le
1025 469 1079 498 do-

186 513 261 551 lore,
279 520 349 544 sunt
365 514 445 544 dicta
457 514 494 544 de
506 520 622 544 morte:
648 525 717 554 quae
732 514 785 555 qui
801 514 982 548 recordetur,
994 511 1079 542 haud

187 566 259 586 sane
279 557 448 596 periculum
470 563 525 594 est,
547 567 586 587 ne
606 567 667 587 non
688 562 818 587 mortem
833 562 886 586 aut
901 555 1077 597 optandam,

187 604 241 629 aut
256 605 333 629 certe
349 610 410 629 non
427 600 605 637 timendam,
621 606 717 641 putet.

230 643 323 672 XLI.
348 643 430 673 Mihi
447 643 583 683 quidem,
607 643 638 672 in
655 643 717 674 vita
733 642 878 673 servanda
893 642 1011 672 videtur
1026 641 1080 671 illa

186 685 249 721 lex,
273 696 342 739 quz’e
362 685 393 715 in
416 687 593 716 Graecorum
615 686 758 716 conviviis
779 686 951 716 obtinetur:
978 687 999 701 “
1011 684 1081 714 Aut

187 728 283 764 bibat,
288 729 306 741 ''
330 728 441 768 inquit,
467 732 489 746 ‘²
502 734 555 758 aut
576 730 672 758 abeat.
676 729 695 742 ''
728 729 771 758 Et
791 735 878 759 recte.
911 728 979 757 Aut
998 727 1080 757 enim

187 771 307 800 fruatur
328 771 380 801 ali
370 772 438 812 quis
459 783 509 813 pa
500 772 569 801 iter
592 782 661 802 eum
678 772 744 802 aliis
760 772 913 812 voluptate
933 770 1080 811 potandi3

188 819 253 851 aut,
278 824 315 844 ne
337 814 453 846 sobrius
469 825 499 844 m
517 814 692 845 violentiam
713 815 935 845 vinolentorum
956 813 1080 851 incidat,

188 862 259 886 ante
280 857 421 886 discedat.
455 857 504 887 Sic
524 857 650 896 injurias
670 857 811 894 fortunae,
833 868 908 898 quas
932 856 1008 886 ferre
1029 866 1082 886 ne-

190 910 294 940 queas,
312 900 495 940 defugiendo
511 901 672 940 relinquas.
698 901 774 930 Ilaec
787 901 903 937 eadem,
921 910 989 940 quae
1004 899 1082 940 Epi.

190 953 292 980 curus,
310 943 435 973 totidem
452 943 549 973 verbis
564 943 636 973 dicit
652 950 681 973 et
697 943 915 984 Hieronymus.

235 986 328 1023 Quod
345 986 368 1016 si
383 986 405 1016 ii
420 987 604 1027 philosophi,
621 997 753 1027 quorum
769 997 804 1016 ea
815 986 962 1016 sententia
976 991 1030 1023 est,
1046 991 1083 1016 ut

190 1029 286 1058 virtus
306 1040 359 1069 per
380 1040 410 1059 se
429 1030 494 1069 ipsa
509 1030 585 1059 nihil
601 1030 717 1065 valeatt,
741 1040 903 1070 omneque,
925 1029 1007 1070 quod
1027 1029 1082 1059 ho-

188 1077 311 1102 nestum
327 1082 381 1102 nos
396 1078 425 1102 et
440 1072 593 1103 laudabile
616 1083 677 1102 esse
698 1073 838 1111 dicimus,
856 1073 887 1102 id
902 1073 947 1101 illi
962 1082 1082 1102 cassum

189 1115 349 1155 quiddam,
367 1121 396 1145 et
411 1116 495 1146 inani
510 1115 589 1146 vocis
605 1126 677 1146 sono
693 1116 867 1146 decoratum
884 1126 945 1146 esse
957 1115 1080 1152 dicant3

190 1164 220 1188 et
243 1163 344 1187 tamen
370 1169 487 1199 semper
512 1160 636 1189 beatum
661 1165 782 1190 censent
805 1170 867 1189 esse
892 1158 1079 1199 sapientem3

190 1200 266 1241 quid
288 1201 408 1231 tandem
430 1212 448 1231 a
463 1204 584 1232 Socrate
600 1208 629 1232 et
646 1202 773 1232 Platone
789 1202 928 1242 profectis
949 1201 1083 1242 philoso-

189 1244 258 1284 phis
274 1244 446 1275 faciendum
462 1246 574 1285 putes?
592 1255 723 1286 quorum
739 1245 791 1274 alii
806 1250 921 1275 tantam
938 1252 1083 1285 praestan-

190 1286 264 1317 tiam
281 1287 311 1317 in
327 1288 414 1317 bonis
429 1288 523 1318 animi
540 1299 601 1318 esse
616 1288 732 1325 dicunt,
749 1294 784 1318 ut
799 1289 836 1318 ab
852 1288 898 1318 his
911 1288 1041 1328 corporis
1053 1293 1083 1318 et

189 1336 314 1360 externa
325 1332 541 1361 obscurentur:
559 1331 610 1361 alii
626 1337 728 1361 autem
740 1331 804 1361 haec
816 1341 853 1360 ne
866 1333 944 1361 bona
957 1330 1081 1371 quidem

188 1373 324 1408 ducunt;
349 1373 380 1403 in
405 1374 507 1404 animo
532 1380 682 1414 reponunt
702 1374 814 1404 omnia„
847 1374 990 1412 Quorum
1011 1384 1082 1404 con-

190 1417 364 1446 troversiam
381 1417 505 1453 solebat,
523 1423 681 1458 tamquam
697 1417 874 1448 honorarius
889 1417 1010 1454 arbiter,
1030 1418 1082 1456 ju-

189 1459 287 1489 dicare
300 1460 478 1490 Carneades.
504 1461 535 1490 N
539 1471 600 1497 am,
614 1471 696 1499 cum,
714 1470 915 1501 quaecumque
930 1461 1010 1490 bona
1022 1460 1081 1490 Pe-

188 1502 361 1542 ripateticis,
385 1503 490 1533 eadem
507 1504 615 1534 Stoicis
630 1504 790 1533 commoda
811 1503 1002 1539 viderentur3
1026 1513 1080 1533 ne-

188 1556 248 1586 que
264 1551 365 1575 tamen
380 1546 571 1586 Peripatetici
586 1547 655 1587 plus
671 1546 833 1577 tribuerent
850 1546 973 1583 divitiis,
990 1547 1079 1576 bonae

188 1588 365 1626 valetudini,
397 1589 509 1619 caeteris
540 1591 629 1619 rebus
658 1590 775 1629 generis
805 1589 951 1628 ejusdem,
984 1599 1078 1629 quam

187 1631 300 1666 Stoicig
322 1642 391 1661 cum
408 1642 452 1668 ea,
470 1642 511 1669 re,
529 1642 589 1662 non
606 1633 714 1669 verbis,
732 1632 986 1673 ponderarentur;
1008 1643 1079 1662 cau-

187 1684 251 1704 sam
280 1684 341 1704 esse
367 1675 530 1705 dissidendi
552 1677 690 1715 negabat.
740 1676 845 1713 Quare
868 1675 950 1705 hunc
975 1675 1077 1705 locum

185 1723 359 1747 caeterarum
376 1717 605 1758 disciplinarum
621 1719 794 1759 philosophi
815 1718 1078 1759 quemadmodum

179 1760 313 1790 obtinere
328 1761 453 1802 possint,
470 1761 527 1802 ipsi
543 1761 682 1792 viderint.
719 1761 803 1792 Mihi
823 1767 926 1792 tamen
952 1767 1076 1802 gratum
