1180 1935
167 45 228 78 DE
253 46 359 78 NAT.
377 46 514 78 DEOR.
539 45 616 77 Lm.
635 46 699 77 111.
724 44 807 76 CAP.
823 43 875 74 31.
914 42 975 77 427

91 132 174 163 mine
184 133 354 164 sollertius?
378 132 531 173 Cognosce
541 132 614 162 alias
625 131 816 173 quastiones,
832 128 898 160 auri
912 128 976 159 To-

93 175 199 212 losani,
216 175 428 215 conjurationis
442 176 465 206 J
468 175 648 215 ugurthinae.
673 175 789 214 Repete
803 172 975 213 superiora:

92 217 212 248 Tubuli
227 218 264 248 de
281 219 411 259 pecunia
425 219 512 258 capta
527 219 565 247 ob
585 227 648 248 rem
667 216 883 256 judicandam:
907 224 976 255 pos-

94 261 212 297 teriora,
237 261 275 291 de
299 261 412 291 incestu
438 261 591 300 rogatione
618 260 765 290 Peducaea
778 270 786 288 z
818 264 886 288 tum
912 258 977 287 haec

92 303 279 343 quotidiana,
299 304 380 341 sicae,
402 303 520 340 veneni,
541 303 706 343 peculatus,
728 306 976 331 testamentorum

92 345 183 375 etiam
199 345 265 385 lege
282 346 360 376 nova
378 346 564 386 quaestiones.
598 345 674 375 Inde
689 344 742 374 issa
762 344 849 379 actio,
872 345 894 360 “
907 342 979 382 Ope

91 388 276 428 consilioque
297 393 349 418 tuo
368 388 485 417 furtum
506 388 553 417 aio
573 387 686 417 factum
709 386 803 416 esse.''
835 385 911 415 Inde
934 390 978 415 tot

89 430 204 469 judicia
230 431 266 460 de
291 431 349 460 fide
370 431 463 467 mala,
488 430 600 465 tutelae‚
626 429 780 464 mandati;
809 438 864 469 pro
886 427 977 463 socio,

91 473 231 508 fiduciae;
258 473 384 514 reliqua,
408 483 488 513 quae,
515 483 552 503 ex
575 478 666 509 emto,
691 477 743 502 aut
765 470 897 507 vendito,
924 475 978 499 aut

91 516 250 551 conducto,
266 522 319 546 aut
333 516 440 553 locato,
456 522 559 546 contra
574 515 664 545 fidem
680 515 767 544 fiunt.
801 513 877 543 Inde
894 513 979 552 judi-

91 559 173 588 cium
189 559 345 599 publicum
362 559 403 589 rei
418 559 542 599 privatae
556 558 621 598 lege
638 557 786 587 Laetoria:
811 556 882 586 inde
897 566 979 586 ever-

92 601 222 631 ticulum
234 602 419 631 malitiarum
432 601 581 637 onmium,
592 600 740 639 judicium
753 600 791 629 de
803 599 872 629 dolo
883 599 977 635 malo,

92 644 174 684 quod
190 644 225 674 C.
236 644 405 684 Aquillius,
422 644 578 674 familiaris
594 650 703 680 noster,
719 642 864 683 protulit;
886 651 979 682 quem

92 687 198 716 dolum
214 687 294 717 idem
310 687 469 727 Aquillius
485 694 550 716 tum
572 686 665 716 teneri
686 691 784 727 putat,
803 695 873 715 cum
894 684 979 714 aliud

93 729 132 759 sit
147 730 336 767 simulatum,
353 730 436 759 aliud
450 735 562 760 actum.

134 772 224 802 Hanc
239 773 331 812 igitur
351 778 466 802 tantam
486 783 504 802 a
520 772 587 802 Diis
606 772 831 802 immortalibus
851 769 978 800 arbitra-

93 824 164 844 mur
184 815 335 845 malorum
356 821 519 845 sementem
540 825 601 845 esse
616 815 752 845 factam?
777 814 809 845 Si
830 814 911 843 enim
931 823 977 843 ra-

92 858 205 888 tionem
221 858 395 888 hominibus
410 858 464 888 Dii
479 857 636 894 dederunt,
657 858 806 887 malitiam
822 856 978 886 dederunt.

92 899 149 930 Est
172 901 252 930 enim
276 901 403 938 malitia,
427 908 546 931 versuta
569 906 598 930 et
621 900 715 930 fallax
739 899 867 930 nocendi
890 899 977 928 ratio.

92 942 193 973 Iidem
208 943 298 973 etiam
315 943 368 973 Dii
383 944 521 974 fraudem
536 943 693 981 dederunt,
710 943 837 980 facinus,
858 948 980 972 caetera-

92 996 163 1026 que,
180 997 310 1027 quorum
325 987 402 1016 nihil
417 997 470 1017 nec
486 986 595 1026 suscipi
607 987 670 1016 sine
681 986 806 1023 ratione,
822 995 878 1015 nec
889 984 976 1022 effici,

93 1035 198 1070 potest.
222 1029 350 1060 Utinam
365 1030 469 1070 igitur,
485 1036 520 1060 ut
533 1030 586 1059 illa
601 1039 677 1059 anus
691 1034 786 1069 optat,

139 1111 259 1120 .........
278 1090 300 1106 “
317 1098 354 1119 ne
370 1088 401 1119 in
417 1099 538 1119 nemore
554 1089 650 1127 Pelio,
668 1089 821 1119 securibus

136 1132 233 1169 Caesa,
250 1131 401 1162 cecidisset
415 1133 544 1173 abiegna
559 1132 597 1162 ad
612 1138 723 1162 terram
739 1133 837 1162 trabes
847 1131 881 1168 ;’'

93 1202 135 1232 sic
155 1202 244 1232 istam
266 1202 460 1233 calliditatem
480 1202 655 1233 hominibus
676 1203 730 1232 Dii
750 1212 788 1233 ne
809 1202 978 1232 dedissent!

93 1245 156 1286 qua
170 1246 312 1286 perpauci
327 1247 403 1276 bene
423 1252 571 1281 utuntur3
597 1246 650 1286 qui
666 1252 767 1276 tamen
788 1245 845 1286 ipsi
865 1248 981 1286 saepe'a

93 1287 173 1318 male
193 1288 348 1318 utentibus
368 1289 583 1329 opprimuntur
597 1300 606 1318 ι
627 1288 862 1319 innumerabiles
877 1294 981 1318 autem

93 1330 230 1372 improbe
241 1337 390 1367 utuntur3
414 1338 449 1362 ut
463 1331 578 1362 donum
593 1331 649 1362 hoc
664 1331 802 1361 divinum
817 1331 940 1361 rationis
952 1336 982 1361 et

93 1373 221 1411 consilii,
244 1374 283 1404 ad
302 1374 441 1404 fraudem
461 1374 647 1413 hominibus,
670 1384 731 1406 non
746 1374 783 1404 ad
801 1375 980 1411 bonitatem,

93 1416 283 1457 impertitum
298 1427 360 1448 esse
375 1418 520 1447 videatur.

136 1459 266 1491 XXXI.
290 1460 350 1490 Sed
370 1461 482 1500 urgetis
496 1460 673 1497 identidem,
689 1460 850 1490 hominum
865 1470 927 1490 esse
942 1460 982 1490 is-

93 1508 157 1532 tam
173 1503 305 1543 culpam,
319 1513 379 1533 non
395 1503 553 1539 Deoru1n;
572 1509 606 1533 ut
618 1504 642 1533 si
653 1504 788 1534 medicus
803 1503 982 1544 gravitatem

95 1545 204 1581 morbi,
226 1547 410 1585 gubernator
424 1547 486 1576 vim
507 1547 703 1587 tempestatis,
720 1552 856 1576 accuset:
881 1546 935 1576 etsi
950 1545 983 1576 hi

93 1587 218 1628 quidem
233 1588 432 1626 homunculi;
457 1589 508 1619 sed
523 1595 624 1619 tamen
641 1589 769 1619 ridiculi.
800 1589 880 1627 Quis
901 1588 983 1619 enim

95 1636 124 1660 te
140 1630 336 1668 adhibuisset,
359 1632 469 1662 d'nzcrit
484 1632 647 1673 quispiam,
672 1632 696 1662 si
714 1632 771 1662 ista
785 1642 845 1663 non
861 1637 958 1662 essent
969 1633 983 1662 ?

95 1673 210 1704 Contra
225 1674 329 1704 Deum
344 1675 414 1705 licet
429 1675 582 1716 disputare
595 1675 720 1705 liberius
730 1677 744 1705 ?
768 1675 807 1705 In
822 1675 985 1705 hominum

96 1715 189 1754 vitiis,
206 1716 261 1756 ais,
277 1727 340 1749 esse
355 1718 487 1760 culpam.
523 1718 603 1749 Eam
614 1718 744 1749 dedisses
754 1718 928 1749 hominibus
939 1728 986 1748 ra-

1151 1896 1160 1902 ,,
