1180 1935
161 70 225 101 384
270 68 331 100 DE
355 68 463 100 NAT.
481 68 619 100 DEOR.
635 69 714 100 Lm.
732 68 778 101 11.
795 69 878 101 CAP.
894 72 946 102 50.

161 155 293 196 demque
303 155 368 186 haec
382 156 445 187 avis
460 155 599 186 scribitur
611 155 730 186 conchis
742 166 773 187 se
784 155 876 186 solere
888 156 1048 197 complere,

162 209 282 239 easque,
307 209 376 229 cum
403 199 549 229 stomachi
573 199 670 229 calore
693 199 873 236 concoxerit,
903 209 1049 238 evomere,

163 248 254 282 atque
270 241 312 271 ita
327 241 435 281 eligere
455 252 492 271 ex
513 242 559 279 iis,
582 253 651 282 quae
671 248 741 272 sunt
756 242 915 272 esculenta.
954 243 1051 272 Ranae

164 291 266 314 autem
282 284 406 314 marinae
421 284 562 314 dicuntur
576 286 701 314 obruere
721 295 783 315 sese
797 285 888 314 arena
903 285 1006 322 solere,
1022 290 1052 316 et

163 327 278 357 moveri
302 338 395 368 prope
421 338 553 368 aquam3
586 327 625 357 ad
651 338 736 368 quas,
765 327 851 368 quasi
877 327 916 357 ad
941 338 1051 365 escam,

163 370 258 411 pisces
282 380 351 400 cum
376 370 560 406 accesserint
585 370 689 400 confici
714 380 732 400 a
751 370 843 407 ranis,
867 375 959 410 atque
982 380 1053 400 con-

164 413 253 443 sumi.
289 413 389 443 Milvo
415 418 458 443 est
484 392 638 453 quoddam
663 412 779 442 bellum
806 412 891 453 quasi
917 413 1055 443 naturale

164 466 235 486 cum
256 466 353 486 corvo.
383 455 468 495 Ergo
491 455 566 486 alter
586 455 719 495 alterius,
740 454 926 496 ubicumque
948 461 1055 488 nactus

165 504 220 535 est,
237 509 293 529 ova
307 498 430 538 frangit.

208 541 292 572 Illud
318 551 387 571 vero
413 541 452 571 ab
478 539 643 571 Aristotele
668 539 925 578 animadversum,
948 551 967 572 a
992 551 1054 583 quo

164 585 319 625 pleraque,
343 582 411 624 quis
427 588 525 624 potest
540 593 601 613 non
615 583 743 614 mirari?
767 594 866 624 grues,
891 594 972 622 cum,
988 584 1054 615 loca.

165 626 307 657 calidiora
322 630 467 666 petentes,
489 626 585 656 maria
600 626 815 664 transmittant,
833 626 976 666 trianguli
991 627 1055 657 effi-

166 680 231 700 cere
246 669 396 699 formam:
422 670 486 708 ejus
501 675 604 699 autem
620 678 741 699 summo
761 670 873 710 angulo
892 670 943 699 a'er
962 670 1000 700 ab
1020 670 1057 701 iis

167 713 309 742 adversus
325 711 466 753 pellitur:
491 711 599 742 deinde
614 712 723 742 sensim
745 713 783 742 ab
803 718 932 753 utroque
951 713 1054 751 latere,

167 762 326 796 tamquam
351 754 452 792 remis,
478 755 521 785 ita
546 755 653 796 pennis
679 765 782 785 cursus
805 755 908 785 avium
929 755 1057 786 levatur.

167 798 256 829 Basis
265 803 367 828 autem
380 798 535 837 trianguli,
550 808 643 838 quam
658 808 747 838 grues
763 798 906 836 efficiunt,
923 809 967 837 ea,
979 804 1058 828 tam-

169 852 263 882 quam
287 851 305 871 a
328 840 435 881 puppi,
461 840 557 870 ventis
579 840 760 880 adjuvatur;
785 840 893 882 haeque
918 841 949 871 in
975 847 1060 882 tergo

170 884 402 933 praevolantium
426 883 503 913 colla
522 890 551 913 et
573 884 671 924 capita
690 890 858 924 reponunt:
883 884 965 925 quod
989 884 1062 924 quia

170 927 234 968 ipse
249 927 313 957 dux
333 926 430 956 facere
445 936 505 956 non
520 932 630 967 potest,
647 926 720 968 quia
734 937 794 957 non
809 927 900 957 habet
915 927 968 957 ubi
984 927 1062 957 nita„-

171 975 231 1007 tur,
256 970 384 1018 revolatu,
396 974 431 999 ut
446 969 509 1010 ipse
524 979 646 1010 quoque
661 969 801 1010 quiescat.
828 970 865 999 In
881 970 945 1009 ejus
959 970 1061 1000 locum

170 1013 302 1043 succedit
313 1023 350 1043 ex
365 1012 412 1048 115,
427 1023 495 1053 quae
509 1012 708 1053 acquierunt;
733 1023 828 1054 eaque
843 1012 1036 1043 vicissitudo'
1028 1022 1061 1042 111

172 1056 255 1086 omni
272 1066 359 1086 cursu
376 1061 576 1086 conservatur.

215 1099 321 1128 Multa
341 1098 489 1137 ejusmodi
510 1098 642 1139 proferre
661 1108 805 1139 possum:
830 1098 881 1128 sed
900 1109 995 1139 genus
1014 1098 1062 1140 ip-

173 1152 241 1172 sum
262 1141 377 1171 videtis.
401 1141 424 1171 J
426 1151 476 1170 am
497 1151 566 1171 vero
582 1141 634 1171 illa
655 1141 745 1171 etiam
761 1141 887 1177 notiora,
905 1148 1017 1182 quanto
1032 1153 1064 1172 se

173 1195 261 1225 opere
276 1183 445 1214 custodiant
460 1184 572 1221 bestiae,
595 1190 629 1214 ut
650 1184 680 1213 in
702 1190 789 1225 pastu
805 1184 1063 1225 circumspectent,

174 1233 209 1258 ut
224 1227 254 1257 in
271 1226 421 1257 cubilibus
437 1226 630 1257 delitescant:
656 1232 747 1267 atque
761 1227 814 1256 illa
828 1227 987 1258 mirabilia„

219 1270 256 1300 L.
281 1269 367 1307 Quid
383 1280 427 1306 ea,
453 1280 521 1310 quae
536 1280 643 1319 nuper,
667 1269 698 1299 id
714 1276 758 1300 est
771 1270 873 1310 paucis
889 1276 958 1301 ante
973 1281 1065 1302 saecu-

174 1313 223 1351 lis,
252 1313 439 1343 medicorum
464 1312 592 1353 ingeniis
618 1319 735 1353 reperta
761 1315 857 1344 sunt⁹
890 1313 920 1343 V
922 1321 1066 1344 omitione

176 1366 273 1393 canes,
297 1361 430 1396 purgatu
454 1361 555 1385 autem
579 1356 661 1386 alvos
685 1356 747 1386 ibes
772 1356 835 1385 AEcr
816 1356 927 1397 gyptiae
949 1363 1065 1387 curant.

177 1398 332 1429 Auditum
353 1404 406 1435 est,
429 1398 601 1438 pantheras,
623 1409 691 1439 quae
710 1399 741 1428 in
762 1399 901 1429 barbaria
921 1400 1068 1430 venenata

178 1452 267 1472 carne
283 1451 470 1482 caperentur,
494 1441 663 1471 remedium
684 1441 837 1482 quoddam
853 1442 982 1478 habere;
1006 1453 1069 1483 quo

178 1495 249 1515 cum
265 1490 361 1514 essent
381 1495 454 1520 usae,
478 1493 539 1514 non
561 1490 766 1514 morerentur:
791 1495 893 1525 capras
914 1492 1015 1515 autem
1035 1486 1067 1515 in

180 1527 271 1558 Creta
291 1527 379 1563 feras,
402 1537 472 1556 cum
496 1534 592 1557 essent
614 1528 740 1557 confixae
765 1528 916 1558 venenatis
940 1528 1067 1569 sagittis,

180 1571 306 1600 herbam
331 1580 475 1610 quaerere,
497 1581 566 1609 quae
586 1570 756 1600 dictamnus
775 1577 949 1607 vocaretur;
974 1581 1068 1612 quam

181 1624 251 1643 cum
268 1613 476 1653 gustavissent,
501 1613 622 1653 sagittas
639 1613 772 1643 excidere
788 1613 893 1644 dicunt
907 1624 922 1643 e
937 1624 1068 1654 corpore.

184 1655 359 1695 Cervaeque,
384 1656 475 1696 paulo
496 1662 564 1685 ante
583 1662 718 1697 partum,
741 1662 926 1698 perpurgant
946 1668 976 1687 se
995 1657 1072 1697 qua-

183 1698 253 1728 dam
276 1699 414 1734 herbula,
438 1709 506 1739 quae
528 1699 635 1729 Seselis
655 1698 772 1729 dicitur.
805 1699 879 1730 Jam
904 1699 957 1730 illa
977 1699 1071 1730 cerni-

185 1752 264 1779 mus,
278 1747 322 1779 ut,
339 1747 441 1771 contra
455 1748 572 1772 metum
588 1748 617 1773 et
632 1742 705 1779 vim,
720 1742 780 1773 suis
791 1753 821 1773 se
836 1742 928 1774 armis
943 1753 1073 1784 quaeque
