1226 1935
281 66 344 99 DE
369 67 567 107 FINIBUS,
592 66 671 98 Lm.
690 66 756 99 1r1.
780 66 864 98 en.
880 67 930 98 13.
1010 67 1050 105 17

155 154 246 185 rebus
261 153 387 184 minime
401 154 544 192 obscuris,
561 163 621 184 non
637 153 753 184 multus
769 159 813 184 est
828 153 910 194 apud
926 163 975 184 eos
989 153 1050 185 dis-

158 197 273 227 serendi
295 198 387 227 lz.1bor
413 198 517 235 Quare
538 197 660 227 attendo
681 204 710 226 te
725 197 876 232 studiose;
902 203 941 233 et,
965 208 1049 238 quae-

157 250 289 289 cumque
310 241 420 270 rebus'
413 241 459 278 iis,
481 241 518 270 de
539 240 650 281 quibus
670 240 719 269 hic
733 250 831 270 sermo
847 246 901 276 est,
925 240 1051 271 nomina

156 283 298 323 imponis,
323 283 476 313 memoriae
500 283 630 313 mando:
656 282 732 312 mihi
756 283 836 313 enim
861 282 916 312 erit
942 282 1049 313 iisdem

156 325 220 355 istis
235 326 381 356 fortasse
370 337 436 365 Jam
457 326 616 356 utendum.
641 326 815 356 Virtutibus
835 325 928 365 igitur
948 326 1050 356 rectis-

156 368 232 399 sime
251 369 327 398 mihi
348 369 467 405 videris,
489 376 518 399 et
532 369 570 398 ad
586 368 833 399 consuetudinem
854 374 962 398 nostrae
982 379 1049 398 ora-

156 411 256 447 tionis,
274 412 345 441 vitia
360 412 493 452 posuisse
509 413 664 442 contraria.
690 411 783 448 Quod
799 411 879 441 enim
896 411 1048 452 vitupera-

154 454 214 483 bile
230 461 273 484 est
288 465 341 495 per
355 465 386 484 se
406 455 518 495 ipsum,
540 455 571 484 id
592 466 626 485 eo
647 455 712 495 ipso
727 454 835 484 vitium
856 454 1049 484 nominatum

154 503 240 537 put0,
258 498 305 527 vel
321 498 410 527 etiam
425 508 442 527 a
455 498 526 528 vitio
541 498 657 528 dictum
673 497 845 538 vituperari.
874 497 927 527 Sin
945 509 1048 529 κακιαγ

154 539 302 570 malitiam
319 540 454 577 dixisses,
472 541 510 570 ad
525 541 609 570 aliud
624 551 678 570 nos
693 550 790 569 unum
806 545 921 570 certum
938 540 1047 570 vitium

153 583 338 613 consuetudo
351 584 462 613 Latina
475 584 650 614 traduceret.
677 584 770 613 Nunc
785 583 870 613 omni
885 583 989 613 virtuti
1004 582 1048 613 vi-

154 625 231 655 tium
248 626 395 656 contrario
411 627 514 656 nomin
518 637 533 656 e
547 627 719 667 opponitur.

197 669 282 698 Tum
303 670 365 706 ille,
388 670 446 700 His
466 670 559 710 igitur
578 671 620 699 ita
640 669 754 710 positis,
776 666 887 710 inquit,
911 668 1048 710 sequitur

153 721 266 751 magna
281 713 450 747 contentio:
478 713 600 753 [quam,
617 713 790 753 tractatam]
808 723 826 741 a
842 711 1048 752 Peripateticis

153 736 287 792 mollius,
305 758 362 789 (est
377 756 457 785 enim
474 766 578 785 eorum
592 755 776 785 consuetudo
797 754 915 784 dicendi
927 765 987 785 non
1000 765 1047 784 sa-

152 797 190 826 tis
202 804 300 833 acuta,
317 805 438 838 propter
452 798 670 838 ignorationem
686 798 860 834 dialecticae)
877 797 1047 828 Carneades

152 846 223 869 tuus
236 841 355 880 egregia
366 841 500 881 quadam
513 841 722 871 exercitatione
734 841 765 870 in
777 840 949 878 dialecticis,
963 851 1047 870 sum-

151 883 265 924 maque
286 884 468 924 eloquentia,
492 894 556 914 rem
577 884 608 913 in
629 894 787 914 summum
809 883 968 913 discrimen
993 883 1046 913 ad-

152 925 261 962 duxit3
279 934 435 967 propterea
450 927 532 968 quod
546 937 683 967 pugnare
698 936 758 956 non
774 926 897 962 destitit,
915 927 946 956 in
962 927 1047 957 omni

150 968 207 999 hac
222 970 397 1010 quaestione,
414 981 483 1010 quae
495 970 532 1000 de
544 970 629 1000 bonis
645 976 674 999 et
685 970 773 999 malis
788 969 967 1010 appelletur,
985 979 1045 999 non

150 1021 212 1042 esse
232 1022 333 1042 rerum
355 1013 463 1043 Sto'icis
483 1023 553 1043 cum
576 1013 782 1054 Peripateticis
801 1012 1044 1050 controversiam,

149 1054 201 1084 sed
225 1056 395 1085 nominum.
430 1056 514 1086 Mihi
538 1063 640 1086 autem
663 1056 740 1085 nihil
764 1062 826 1085 tam
850 1055 1044 1096 perspicuum

150 1098 279 1136 videtur,
304 1109 398 1139 quam
412 1099 467 1130 has
483 1099 643 1130 sententias
659 1109 763 1129 eorum
778 1099 1041 1139 philosophorum,

148 1150 180 1170 re
200 1141 278 1171 inter
299 1153 329 1172 se
349 1143 447 1183 magis
467 1152 560 1184 quam
576 1143 684 1179 verbis,
702 1142 853 1172 dissidere.
887 1141 1043 1180 Majorem

147 1185 246 1214 multo
266 1184 343 1215 inter
363 1188 479 1216 stoicos
500 1193 528 1216 et
551 1186 764 1226 Peripateticos
784 1195 885 1215 rerum
911 1195 972 1214 esse
995 1184 1043 1214 aio

145 1227 388 1268 discrepantiam,
406 1239 499 1269 quam
516 1230 685 1259 verborum.
719 1228 854 1269 Quippe,
871 1237 941 1258 cum
959 1227 1044 1257 Peri-

146 1271 267 1310 patetici
279 1272 391 1309 omnia,
408 1283 477 1312 quae
492 1272 549 1313 ipsi
565 1274 644 1302 bona
659 1272 823 1312 appellent,
837 1271 985 1311 pertinere
997 1271 1043 1300 di-

146 1320 216 1343 cant
231 1314 268 1343 ad
284 1315 370 1344 beate
386 1315 570 1351 vivendum3
596 1315 688 1345 nostri
710 1325 789 1351 vero,
812 1314 894 1355 qucd
910 1313 1042 1344 aestima-

146 1356 226 1386 tione
238 1357 362 1387 omnino
384 1358 488 1399 aliqua
503 1358 631 1399 dignum
645 1358 693 1396 sit,
713 1357 903 1399 [complecti]
921 1358 1041 1387 beatam

145 1400 238 1430 vitam
254 1406 372 1440 putent.

188 1443 288 1473 XIII.
322 1444 376 1473 An
407 1454 477 1474 vero
507 1444 616 1474 certius
643 1443 811 1484 quidquam
839 1448 938 1484 potest
964 1453 1038 1480 esse,

144 1496 251 1527 quam,
268 1486 391 1516 illorum
407 1487 521 1517 ratione
537 1487 590 1528 qui
606 1486 740 1516 dolorem
756 1487 787 1516 in
803 1486 892 1516 malis
907 1492 1038 1526 ponunt,

146 1538 206 1558 non
228 1539 313 1569 posse
334 1530 501 1570 sapientem
517 1532 640 1560 beatum
657 1540 730 1566 esse,
748 1540 818 1560 cum
835 1529 963 1570 equuleo
979 1535 1039 1558 tor-

146 1574 300 1612 queatur?
324 1573 442 1602 Eorum
464 1580 578 1610 autem,
601 1573 654 1613 qui
675 1573 807 1603 dolorem
825 1573 856 1603 in
872 1572 961 1602 malis
976 1582 1038 1602 non

145 1614 269 1651 habent,
293 1616 368 1645 ratio
388 1622 466 1646 certe
487 1616 577 1657 cogit,
601 1616 647 1645 uti
667 1616 699 1646 in
717 1616 859 1646 omuibus
881 1615 1038 1645 tormentis

144 1664 335 1688 conservetur
355 1659 443 1688 beata
464 1659 524 1689 vita
545 1659 682 1700 sapienti.
716 1659 853 1696 Etenim,
877 1658 901 1688 si
921 1658 1038 1688 dolores

142 1700 265 1731 eosdem
286 1701 470 1732 tolerabilius
491 1702 660 1744 patiuntur,
677 1702 731 1744 qui
747 1702 902 1744 excipiunt
917 1712 967 1732 eos
982 1711 1037 1743 pro

714 1755 732 1776 c
757 1746 777 1776 3
