1226 1935
278 54 338 86 DE
363 54 561 93 FINIBUs‚
580 55 658 86 Lm.
676 53 716 85 V.
734 53 818 85 Cim
840 54 888 85 13.
988 55 1029 90 79

142 141 303 176 luntariaez
328 143 457 172 alterum
470 152 586 179 earum,
599 153 679 182 quae,
696 141 727 171 in
745 141 899 171 voluntate
914 141 1031 181 positm,

143 184 239 224 magis
255 185 376 225 proprio
391 185 514 215 nomine
529 185 674 225 appellari
691 184 786 214 solent
801 195 810 219 ς
835 194 965 224 quarum
988 190 1032 213 est

143 227 292 258 excellens
307 228 338 257 in
354 228 526 258 animorum
542 228 631 258 laude
646 227 828 268 praestantia.
854 227 965 256 Prioris
981 236 1033 266 ge—

143 270 223 299 nen's
239 277 282 301 est
297 270 443 307 docilitas,
460 270 626 306 memoria3
651 281 720 311 quae
736 270 796 300 fere
811 269 914 299 omnia
929 269 1034 309 appel-

143 312 246 342 lantur
261 323 322 343 uno
337 313 450 353 ingenii
466 314 588 343 nomine
602 325 609 343 :
635 323 744 354 easque
765 313 889 343 virtutes
910 312 964 352 qui
979 312 1034 341 ha-

144 356 228 391 bent,
245 356 392 396 ingeniosi
407 362 560 386 vocantur.
598 357 743 386 Alterum
759 362 860 385 autem
877 365 972 395 genus
988 360 1033 384 est

145 407 328 438 magnarum
347 409 547 440 verarumque
571 399 731 435 virtutum,
748 409 823 439 quas
843 398 1034 438 appellamus

143 441 339 477 voluntarias,
356 448 391 472 ut
406 442 610 483 prudentiam,
628 441 870 482 temperantiam,
884 440 1036 470 fortitudi-

147 493 231 519 nem,
246 485 407 523 justitiam,
425 491 454 515 et
469 485 600 526 reliquas
615 485 785 524 ejusdem„
767 484 892 514 ‹renel-is.

190 527 233 556 Et
248 528 426 558 summatim
443 528 566 569 quidem
582 528 646 558 haec
662 534 746 557 erant
762 527 799 557 de
823 537 945 567 empore
970 527 1036 556 ani-

147 579 260 610 moque
275 570 421 607 dicenda3
446 571 557 612 quibus
573 571 660 612 quasi
673 571 872 600 informatum
889 576 943 605 est,
955 569 1038 610 quod

148 613 281 643 hominis
302 619 410 644 natura
431 615 572 655 postulet.
611 614 662 644 Ex
681 624 741 654 quo
761 613 956 661 perspicuum
981 618 1036 648 est,

147 656 294 696 quoniam
309 657 367 697 ipsi
381 668 399 687 a
414 657 500 687 nobis
515 657 690 697 diligamur,
707 656 870 697 omniaque
883 662 912 686 et
926 656 957 685 in
974 655 1039 684 ani-

148 709 200 728 mo
216 705 245 728 et
259 699 291 729 in
307 710 428 740 corpore
444 700 575 740 perfecta
592 700 721 730 velimus
739 710 812 735 esse,
823 710 858 729 ea
873 698 982 728 nobis
974 708 1040 738 ipsa

150 752 219 771 cara
234 752 296 772 esse
312 748 432 783 propter
448 753 489 780 se,
507 749 535 773 et
551 743 582 772 in
598 743 634 773 iis
650 754 712 773 esse
727 742 765 772 ad
780 744 857 772 bene
875 741 1040 771 vivendum

149 791 306 815 momenta
317 786 461 815 maxima.
487 786 583 822 Nam,
600 786 648 816 cui
664 786 817 826 proposita
832 785 870 814 sit
885 795 1041 815 conserva-

149 827 192 857 tio
209 828 266 865 sui,
283 838 400 858 necesse
416 834 459 859 est
474 829 545 858 huic
560 835 659 869 partes
674 839 796 869 quoque
812 828 858 858 sui
871 838 952 858 caras
965 838 1039 865 esse,

150 871 348 911 carioresque,
376 882 437 911 quo
463 872 653 912 perfectiores
673 872 744 909 sint,
769 877 798 901 et
818 871 916 911 magis
934 871 965 899 in
987 881 1042 899 suo

150 924 259 954 genere
275 914 450 945 laudabiles.
489 915 537 944 Ea
556 914 637 944 enim
656 915 717 944 vita
736 914 897 954 expetitur,
915 924 984 953 quae
1003 913 1042 942 sit

149 957 244 986 animi
260 958 451 998 corporisque
466 958 587 998 expleta
601 958 763 988 virtutibus
775 969 782 987 ε
807 957 838 986 111
851 967 946 996 eoque
959 966 1043 985 sum-

148 1009 237 1030 mum
250 1001 366 1030 bonum
381 1001 454 1041 poni
469 1011 586 1031 necesse
601 1006 655 1038 est,
673 999 921 1041 quandoquidem
936 999 968 1028 id
984 999 1044 1029 tale

152 1053 214 1073 esse
236 1042 335 1081 debet,
356 1049 390 1073 ut
410 1054 512 1074 rerum
535 1044 772 1084 expetendarum
797 1043 835 1073 sit
859 1048 1042 1072 extremum.

153 1086 227 1124 Quo
241 1087 372 1126 cognito,
389 1087 522 1117 dubitari
537 1097 598 1117 non
613 1092 721 1127 potest,
739 1086 826 1126 quin,
838 1096 908 1115 cum
918 1085 976 1126 ipsi
988 1085 1043 1114 ho-

153 1129 251 1160 mines
266 1130 323 1160 sibi
339 1130 398 1160 sint
413 1141 466 1171 per
482 1141 512 1160 se
528 1137 557 1160 et
572 1131 627 1160 sua
643 1135 748 1170 sponte
764 1129 835 1166 cari,
852 1134 952 1168 partes
967 1138 1044 1168 quo-

152 1183 213 1213 que
234 1178 263 1203 et
284 1173 414 1214 corporis
430 1179 459 1204 et
473 1173 579 1210 animi,
597 1179 625 1203 et
641 1183 745 1203 earum
761 1182 862 1202 rerum
886 1182 954 1211 quae
973 1177 1045 1201 sunt

154 1215 185 1245 in
202 1216 359 1256 utriusque
381 1222 467 1246 motu
484 1222 513 1246 et
528 1222 620 1254 statu,
638 1216 693 1246 sua
708 1215 830 1246 caritate
845 1215 993 1251 colantur,
1016 1220 1046 1244 et

155 1269 211 1299 per
226 1269 256 1288 se
270 1259 344 1299 ipsae
359 1266 550 1300 appetantur.

199 1302 322 1339 Quibus
338 1302 491 1343 expositis,
502 1302 598 1333 facilis
609 1308 653 1333 est
667 1302 849 1341 conjectura,
863 1311 898 1331 ea
911 1300 1047 1330 maxime

155 1355 218 1375 esse
244 1345 412 1385 expetenda
435 1356 472 1375 ex
497 1346 616 1382 nostris,
645 1356 714 1386 quae
737 1345 907 1385 plurimum
932 1344 1046 1373 habent

156 1388 332 1428 dignitatis:
357 1394 392 1418 ut
410 1389 534 1429 optirnae
558 1390 705 1429 cujusque
729 1388 834 1428 partis,
854 1398 923 1428 quae
943 1396 996 1426 per
1017 1397 1048 1416 se

157 1437 285 1478 expetat
282 1442 326 1479 ir,
343 1432 438 1461 virtus
454 1432 491 1461 sit
507 1432 676 1480 expetenda
690 1431 834 1461 maxime.
868 1430 918 1459 Ita
934 1429 995 1465 fiet,
1013 1435 1048 1458 ut

157 1473 251 1503 animi
266 1474 360 1504 virtus
383 1475 513 1515 corporis
534 1475 638 1505 virtuti
657 1479 868 1522 anteponatur,
893 1472 1049 1512 animique

156 1516 281 1546 virtutes
296 1527 356 1547 non
372 1518 555 1548 voluntarias
571 1518 692 1548 vincant
708 1517 832 1547 virtutes
848 1514 1046 1546 voluntariae·
1037 1537 1047 1550 ,

158 1569 228 1599 quae
250 1560 373 1600 quidem
393 1561 513 1601 proprie
534 1561 659 1591 virtutes
677 1560 881 1608 appellantur,
898 1558 1049 1588 multum-

159 1612 218 1642 que
234 1603 398 1652 excellunt,
412 1610 569 1644 propterea
586 1603 668 1644 quod
684 1613 721 1634 ex
737 1603 852 1633 ratione
867 1602 1048 1642 giwnuutilr,

158 1655 220 1685 qiu
236 1645 312 1675 nihil
327 1652 371 1676 est
391 1646 422 1676 in
443 1647 566 1677 homine
587 1647 727 1677 divinius.
761 1645 886 1675 Etenim
910 1643 1050 1673 omnium

159 1697 272 1724 rerum,
288 1699 364 1729 quas
379 1695 408 1719 et
423 1697 503 1720 creat
518 1696 627 1720 natura
642 1696 671 1720 et
691 1695 804 1723 tuetur,
826 1699 895 1728 quae
916 1693 968 1717 aut
987 1686 1050 1716 sine

160 1730 262 1762 animo
277 1738 359 1771 sunt,
381 1739 434 1764 aut
454 1743 515 1764 non
538 1733 637 1764 multo
657 1743 752 1771 secus,
770 1742 876 1763 earum
891 1739 1050 1761 summum
