1180 1935
175 68 237 99 412
260 67 322 99 DE
345 68 452 100 NAT.
476 66 612 100 DEOR.
637 68 715 99 Lm.
729 68 794 99 111.
818 67 900 100 CAP.
920 68 968 98 15.

179 155 264 185 omni
275 155 383 185 natur⁴a
395 165 495 185 rerum
511 155 541 185 id
556 155 665 193 vivere,
681 154 712 185 id
727 155 837 195 vigere,
858 153 939 195 quod
955 152 1058 183 caleat.

173 197 242 237 Ego
254 204 355 228 autem
371 208 430 228 non
446 198 592 238 intelligo,
608 208 669 238 quo
680 197 782 235 modo,
793 197 889 227 calore
900 195 1055 232 exstincto,

174 250 298 280 corpora
319 240 476 277 intereant,
493 251 553 270 non
568 241 726 277 intereant,
746 240 872 270 humore
887 245 938 269 aut
953 237 1058 279 spiritu

174 283 294 321 amisso,
312 284 475 323 praesertim
491 293 560 313 cum
575 284 722 313 intereant
737 283 827 313 etiarn
842 281 934 311 nimio
949 281 1054 311 calore.

175 325 383 362 Quamobrem
398 326 429 355 id
445 326 568 366 quidem
580 335 741 355 commune
755 331 798 355 est
813 325 849 355 de
865 324 959 354 calido
972 334 980 353 ε
1005 333 1056 353 ve-

174 374 346 398 rumtamen
362 369 516 398 videamus
532 368 658 398 exitum.
698 368 746 398 Ita
760 368 862 405 vultis,
877 367 992 407 opinor,
1009 366 1056 396 ni-

175 410 220 440 hil
236 421 297 441 esse
312 411 425 441 animal
441 412 623 441 extrinsecus
637 411 668 440 in
691 411 800 440 natur&
819 417 908 450 atque
927 409 1054 447 mundo,

174 459 281 493 praeter
306 454 417 493 ignem.
442 454 507 491 Qui
530 454 638 494 magis,
663 464 756 494 quam
781 459 887 494 praeter
908 452 1054 489 animam,

176 496 256 526 unde
279 497 480 526 animantium
503 507 623 537 quoque
649 501 762 526 constet
783 496 910 531 animus,
935 505 971 524 ex
994 505 1055 534 quo

174 538 276 568 anima
287 539 395 568 dicitur
407 541 420 569 Ρ
445 539 516 576 Quo
528 539 618 569 modo
627 545 728 569 autem
740 539 808 577 hoc,
822 537 903 579 quasi
913 537 1056 567 conceda-

175 586 235 619 tur,
247 582 375 619 sumitis,
384 582 459 611 nihil
472 592 533 612 esse
542 582 754 620 animum,nisi
766 582 864 622 ignem
878 582 891 610 ἓ
909 580 1056 610 Probabi-

174 623 233 653 lius
248 624 329 654 enim
345 624 474 661 videtur,
491 625 549 654 tale
565 624 710 665 quiddam
726 635 788 654 esse
807 624 952 660 animum,
968 629 1002 652 ut
1017 622 1055 652 sit

175 676 212 695 ex
233 666 302 706 igne
318 673 409 708 atque
428 668 530 697 anim&
545 673 756 708 temperatum.
781 666 869 705 Quod
886 666 909 695 si
924 665 1002 705 ignis
1017 675 1054 695 ex

174 719 236 739 sese
251 710 314 750 ipse
329 710 442 739 animal
458 716 512 747 est,
529 711 614 740 null&
629 721 659 740 se
674 711 733 740 alia
745 710 924 740 admiscente
933 708 1053 745 natura,

174 752 317 792 quoniam
340 752 376 789 is,
398 763 468 783 cum
491 753 567 783 inest
582 753 612 783 in
629 753 800 794 corporibus
821 751 936 789 nostris,
954 750 1052 789 efficit,

173 800 208 824 ut
223 795 406 831 sentiamus;
431 806 490 825 non
505 802 602 836 potest
616 796 679 836 ipse
694 806 755 826 esse
770 796 833 826 sine
847 804 942 825 sensu.
967 794 1050 823 Rur-

174 847 224 868 sus
247 838 350 868 eadem
372 838 429 868 dici
451 846 584 879 possunt.
617 839 777 879 Quidquid
798 844 840 868 ωε
860 837 951 874 enim,
973 835 1055 877 quod

173 890 295 910 sensum
310 881 429 917 habeat,
446 882 489 919 id,
505 892 621 912 necesse
636 888 690 919 est,
702 881 808 912 sentiat
823 886 851 911 et
866 880 1052 920 voluptatem

174 929 203 952 et
218 923 352 953 dolorem
366 935 374 953 z
399 924 437 953 ad
453 935 543 964 quern
559 931 661 955 autem
676 925 760 955 dolor
775 924 885 960 veniat,
907 923 945 952 ad
967 932 1053 952 eum-

173 965 243 995 dem
266 966 356 996 etiam
378 967 533 997 interitum
556 968 665 998 venire.
700 968 748 997 Ita
769 967 814 1005 fit,
837 972 871 997 ut
893 975 930 996 ne
950 965 1052 1006 ignem

172 1008 296 1049 quidem
312 1009 426 1040 efficere
440 1010 557 1051 possitis
572 1017 726 1041 aeternum.

216 1050 302 1088 Quid
326 1052 406 1082 enim
418 1054 432 1083 ?
469 1063 530 1083 non
554 1054 665 1084 eisdem
690 1053 773 1084 vobis
796 1053 904 1094 placet,
930 1060 1051 1081 omnem

172 1093 274 1134 ignem
294 1097 395 1135 pastus
416 1095 576 1136 indigere?
607 1107 663 1127 nec
685 1106 859 1137 permanere
879 1095 941 1125 ullo
962 1093 1053 1124 modo

172 1146 268 1177 posse,
290 1138 347 1167 nisi
362 1138 483 1169 alatur?
507 1139 546 1169 ali
561 1146 662 1170 autem
684 1140 789 1177 solem,
806 1140 922 1175 lunam,
939 1137 1054 1177 reliqua

172 1185 262 1218 astra,
285 1180 381 1220 aquis,
404 1181 463 1211 alia
483 1182 634 1220 dulcibus,
656 1183 715 1212 alia
734 1181 881 1216 marinis?
912 1180 1053 1219 Eamque

171 1232 292 1253 causam
309 1224 468 1254 Cleanthes
483 1225 579 1262 affert,
597 1236 650 1255 cur
672 1236 702 1255 se
717 1226 762 1255 sol
781 1225 899 1261 referat,
915 1233 968 1253 nec
988 1222 1053 1251 lon-

171 1265 239 1305 gius
260 1266 468 1306 progrediatur
489 1268 637 1298 solstitiali
659 1269 741 1305 orbe,
757 1269 891 1308 itemque
908 1265 1051 1302 brumali,

171 1316 209 1338 ne
228 1308 347 1349 longius
368 1309 500 1339 discedat
526 1321 544 1340 a
567 1311 642 1341 cibo.
675 1311 745 1341 Hoc
770 1315 867 1340 totum
892 1308 979 1348 quale
1003 1307 1053 1345 sit,

170 1360 243 1380 mox
255 1362 264 1380 ε
289 1361 370 1382 nunc
390 1358 491 1382 autem
513 1353 710 1383 concludatur
729 1352 818 1391 illud,
840 1351 920 1393 quod
934 1350 1055 1380 interire

171 1393 274 1433 possit,
290 1393 321 1423 id
345 1400 491 1424 aeternum
514 1405 573 1425 non
597 1406 658 1425 esse
680 1395 807 1425 natura:
831 1395 931 1434 ignem
949 1399 1052 1423 autem

170 1435 363 1466 interiturum
379 1447 451 1475 esse,
468 1438 525 1468 nisi
539 1438 657 1474 alatur;
680 1448 740 1468 non
756 1447 818 1467 esse
832 1436 924 1477 igitur
943 1435 1053 1465 natm-5.

171 1488 274 1518 ignem
290 1480 516 1520 sempiternum.

213 1521 288 1551 XV.
313 1522 445 1559 Qualem
461 1529 562 1553 autem
579 1523 682 1553 Deum
697 1522 863 1562 intelligere
877 1531 931 1551 nos
949 1531 1053 1561 possu-

170 1573 238 1593 mus
254 1564 339 1593 nulla
354 1565 463 1595 virtute
477 1565 637 1605 praeditum
652 1568 665 1596 ἓ
689 1565 775 1602 Quid
790 1565 870 1594 enim
885 1566 898 1594 Ρ
921 1563 1053 1604 pruden-

170 1606 283 1636 tiamne
299 1606 366 1637 Deo
381 1607 572 1638 tribuemus?
605 1619 673 1649 quae
688 1613 803 1638 constat
817 1618 854 1637 ex
870 1607 992 1637 scienti&
1008 1617 1053 1636 re-

170 1659 239 1678 rum
255 1650 403 1679 bonarum
419 1655 447 1680 et
461 1651 623 1689 malarum,
640 1657 669 1681 et
684 1661 738 1681 nec
752 1652 900 1681 bonarum
915 1659 969 1679 nec
988 1659 1053 1678 ma-

170 1691 279 1721 larum.
304 1692 363 1722 Cui
378 1693 451 1722 mali
462 1693 539 1723 nihil
555 1700 609 1731 est,
626 1703 680 1724 nec
695 1704 756 1723 esse
771 1698 878 1733 potest,
895 1692 969 1733 quid
983 1691 1054 1722 huic

170 1743 246 1774 opus
261 1740 304 1765 est
321 1735 436 1766 delectu
453 1737 601 1767 bonorum
616 1742 646 1766 et
660 1737 811 1767 malorum
824 1738 838 1767 ζ)
860 1735 936 1777 quid
950 1741 1052 1765 autem
