1226 1935
243 88 306 117 322
351 87 413 117 DE
437 87 545 118 NAT.
563 87 701 119 DEOR.
729 88 806 119 Lus.
826 89 851 119 1.
870 89 954 120 CAP.
974 90 1025 119 30.

242 173 395 214 AEgyptfi,
418 183 472 204 nec
492 174 572 215 Syri,
597 184 651 205 nec
672 175 733 205 fere
754 181 862 206 cuncta
884 175 1032 206 barbaria.
1066 173 1134 204 Fir-

241 217 351 247 miores
363 216 445 247 enim
460 217 560 248 videas
575 219 657 258 apud
672 229 722 248 eos
733 219 888 259 opiniones
903 229 965 248 esse
980 217 1017 247 de
1031 217 1135 247 bestiis

241 259 438 300 quibusdam,
459 271 553 301 quam
574 261 655 302 apud
671 271 726 292 nos
740 261 778 292 de
798 261 991 292 sanctissimis
1012 260 1136 300 templis

241 308 272 332 et
295 302 463 334 simulacris
484 304 631 334 Deorum.
664 304 789 335 Etenim
813 304 885 334 fana
907 304 1006 334 multa
1026 313 1134 343 exspo-

240 345 325 383 liata,
349 351 378 376 et
394 346 555 377 simulacra
570 347 708 377 Deorum
726 347 764 377 de
783 347 855 377 locis
871 346 1065 377 sanctissimis
1080 347 1135 375 ab-

240 388 314 424 lata,
340 389 478 419 videmus
498 400 516 420 a
536 390 664 420 nostris:
689 396 720 420 at
740 401 809 420 vero
833 400 871 420 ne
894 390 987 420 fando
1008 389 1134 430 quidem

241 432 382 462 auditum
399 439 453 469 est,
479 433 674 470 crocodilum,
695 439 749 463 aut
769 434 856 471 ibim,
878 440 931 463 aut
951 433 1053 467 felem,
1071 431 1136 462 vio-

241 475 339 505 latum
365 476 403 505 ab
424 476 582 516 AEgyptio.
616 476 702 513 Quid
717 476 809 516 igitur
825 478 950 506 censes?
983 475 1082 515 Apim
1097 474 1135 504 il-

241 518 319 555 lum,
346 524 460 548 sanctu}
460 529 483 548 11
510 501 747 559 [Εςγρὶίοι-ωῃῦ
756 520 877 557 bovem,
902 528 1003 548 nonne
1029 518 1135 548 Deum

199 563 202 564 ⁷
243 561 337 591 videri
364 561 539 602 JEgyptiis.
532 564 545 583 ‘³
583 562 677 599 Tam,
707 562 818 599 1161616,
846 572 940 602 quam
966 560 1022 591 tibi
1047 561 1136 590 illam

242 610 376 634 nostram
393 605 558 646 Sospitam,
580 615 675 647 quam
695 610 729 634 tu
745 615 863 645 nunqu
846 615 905 635 am
921 614 959 634 ne
974 604 1005 633 in
1021 603 1136 634 somnis

241 647 304 687 qui
298 647 367 677 dem
389 647 482 685 vides,
508 648 566 678 nisi
590 658 661 678 cum
682 648 761 688 pelle
784 647 918 688 caprina,
941 657 1011 677 cum
1035 646 1134 684 hasta,

241 700 312 720 611111
330 696 402 720 seut
399 690 459 726 110,
477 701 547 720 cum
559 691 694 721 calceolis
706 691 855 732 repandis.
878 690 925 720 At
940 700 1000 720 non
1013 696 1057 720 est
1068 689 1137 719 talis

240 733 361 773 Argiva
372 743 425 763 nec
439 734 580 764 Romana
591 734 614 764 J
617 743 687 764 uno.
711 733 796 774 Ergo
807 733 867 763 alia
878 733 989 774 species
1001 732 1023 762 J
1026 741 1136 762 unoms

240 776 378 816 Argivis,
401 776 460 806 alia
481 777 660 807 Lanuvinis.
699 776 742 806 Et
758 776 883 817 quidem
899 776 959 806 alia.
973 775 1059 805 nobis
1075 775 1135 805 Ca-

241 819 372 860 pitolini,
390 820 450 849 alia
465 819 552 850 Afris
567 819 733 850 Ammonis
749 819 845 850 ι101115.

286 862 395 892 XXX.
420 863 493 892 Non
509 863 604 904 pudet
618 863 711 903 igitur
725 863 896 903 physicum,
913 861 945 892 id
961 867 1015 899 est,
1029 871 1135 902 specu-

241 905 368 935 latorem
389 912 624 947 venatoremque
643 911 771 941 naturae,
793 907 831 936 ab
851 905 959 935 animis
975 910 1136 934 consuetu-

241 948 313 978 dine
341 948 478 983 imbutis,
509 955 610 989 petere
639 949 847 979 testimonium
877 947 1034 978 veritatis?
1071 948 1136 977 Isto

241 991 323 1021 enim
339 992 430 1022 modo
446 991 543 1022 dicere
557 992 670 1029 licebit,
692 992 714 1022 J
717 1002 804 1022 ovem
825 1001 944 1032 semper
958 992 1135 1028 barbatum,

241 1035 423 1075 Apollinem
450 1045 567 1075 semper
593 1035 774 1073 imberbem,
805 1034 905 1065 caesios
935 1034 1039 1063 oculos
1070 1033 1137 1063 Mi-

239 1087 351 1115 nervae,
369 1078 510 1108 coeruleos
526 1088 588 1108 esse
604 1078 754 1118 Neptuni.
791 1077 835 1108 Et
856 1077 980 1118 quidem
1001 1076 1136 1106 Athenis

237 1120 403 1151 laudamus
418 1121 595 1151 Vulcanum
617 1131 700 1157 eum,
722 1131 814 1161 quem
834 1120 905 1150 fecit
925 1120 1131 1155 Alcamenen

238 1164 272 1194 in
296 1174 358 1205 quo
378 1170 486 1201 stante,
508 1170 600 1204 atque
619 1164 737 1201 vestito,
759 1163 864 1193 leviter
878 1168 1002 1204 apparet
1018 1162 1134 1192 claudi-

239 1207 317 1237 catio
347 1217 408 1237 ron
439 1207 592 1237 deformis.
664 1206 799 1237 *laudum
828 1206 922 1247 igitur
951 1205 1134 1235 habebimus

239 1250 358 1288 Deum,
375 1250 522 1291 quoniam
537 1250 574 1280 de
590 1250 731 1280 Vulcano
746 1250 787 1279 sic
803 1249 982 1289 accepimus.

283 1293 365 1333 Age,
383 1293 474 1324 ethis
489 1293 642 1323 vocabulis
659 1293 741 1323 Deos
760 1303 822 1323 esse
842 1292 1000 1330 faciamus,
1021 1290 1134 1331 quibus

239 1348 259 1370 a
281 1337 368 1367 nobis
393 1336 600 1366 nominantur.
632 1336 690 1374 At,
711 1336 859 1376 primum,
881 1341 956 1376 quot
970 1334 1133 1365 hominum

239 1380 364 1419 linguae,
382 1385 426 1409 tot
441 1379 567 1409 nomina
583 1379 731 1409 Deorum.
757 1379 829 1408 Non
846 1378 940 1416 enim,
957 1383 993 1407 ut
1007 1383 1040 1407 tu
1057 1377 1135 1407 Vel-

239 1423 328 1460 leius,
354 1432 548 1463 quocumque
568 1422 695 1458 veneris,
717 1422 759 1452 sic
778 1421 860 1451 idem
884 1421 915 1450 in
941 1420 1033 1450 Italia
1053 1420 1134 1450 Vul-

240 1476 344 1502 canus,
365 1466 446 1495 idem
467 1465 499 1494 in
515 1465 634 1502 Africa,
656 1465 738 1495 idem
753 1465 785 1494 in
802 1464 963 1505 Hispania.
998 1463 1132 1501 Deinde,

239 1509 400 1539 nominum
425 1518 485 1538 non
510 1518 582 1545 ma(
584 1518 640 1538 11115
666 1518 823 1544 numerus,
849 1517 887 1537 ne
910 1507 942 1536 in
966 1506 1133 1536 pontificiis

240 1552 365 1593 quidem
381 1551 508 1587 nostris·
534 1550 671 1581 Deorum
687 1557 790 1580 autem
805 1549 1043 1580 innumerabilis.
1076 1549 1132 1579 An

239 1595 303 1625 sine
318 1595 492 1625 nominibus
508 1596 604 1624 sunt?
632 1594 721 1624 Istud
737 1593 861 1634 quidem
876 1593 919 1622 ita
934 1592 1019 1622 vobis
1034 1592 1132 1623 dicere

238 1648 356 1668 necesse
377 1643 439 1668 est.
464 1637 538 1678 quid
559 1637 641 1667 6111111
661 1637 779 1676 attinet,
801 1646 873 1667 cum
892 1645 955 1666 una
974 1635 1064 1666 facies
1080 1635 1130 1673 sit,

235 1682 326 1722 plura
340 1691 402 1711 esse
417 1679 566 1710 nomina?

278 1725 383 1763 Quam
407 1723 523 1754 bellum
545 1730 618 1760 erat,
644 1722 755 1759 Vellei,
778 1722 912 1753 confiteri
932 1722 1044 1763 potius,
1075 1731 1129 1752 ne-

232 1768 317 1808 scire,
331 1767 414 1809 quod
425 1766 564 1804 nescires,
580 1776 674 1807 quam
690 1766 746 1799 ista
762 1766 950 1797 effutientem
966 1775 1123 1804 nauseare,
