1180 1935
173 73 236 107 DE
258 73 367 108 NAT.
385 73 522 106 DEOR.
540 74 619 106 Lm.
637 75 683 106 ΙΙ.
700 75 784 107 ΟΑΡ.
801 75 853 106 49.
898 73 961 104 383

71 161 239 199 humilitas,
262 166 298 191 ut
312 160 414 192 cibum
430 165 599 192 terrestrem
621 162 722 192 rostris
740 161 827 192 facile
845 160 962 192 contin-

71 211 154 248 gant.
185 204 267 243 Quae
281 209 383 234 autem
399 204 505 234 altiora
519 210 600 242 sunt,
616 211 651 235 ut
667 215 796 242 anseres,
812 212 847 235 ut
861 204 958 245 cycni,

71 255 107 280 ut
122 258 221 289 grues,
237 253 272 278 ut
283 247 402 283 cameli,
418 247 600 287 adjuvantur
614 248 790 288 proceritate
801 248 958 278 collorum.

71 291 188 323 Manus
208 290 299 321 etiam
315 290 385 320 data
400 290 577 330 elephantis
599 290 682 331 quia,
704 297 825 331 propter
840 290 959 330 magni-

68 335 208 366 tudinem
227 333 368 375 corporis,
389 332 524 364 difficiles
545 333 643 364 aditus
662 334 815 364 habebant
835 333 873 363 ad
889 343 958 374 pas-

107 419 272 452 XLVIII.
288 419 345 456 At,
362 419 473 460 quibus
487 420 589 450 bestiis
604 425 667 450 erat
680 420 705 450 is
720 420 815 457 cibus,
832 424 866 449 ut
879 420 958 450 alius

65 463 182 506 generis
204 462 307 494 bestiis
330 468 529 499 vescerentur,
553 468 607 493 aut
630 463 707 493 vires
730 470 838 494 natura
861 463 955 500 dedit,

65 514 119 538 aut
139 505 330 537 celeritatem.
358 505 442 535 Data
461 512 505 535 est
525 505 708 546 quibusdam
729 507 819 537 etiam
840 506 957 536 machi-

64 549 148 581 natio
162 547 315 591 quidam,
338 554 430 589 atque
445 549 594 579 sollertia:
618 555 654 579 ut
667 549 699 580 in
715 550 871 584 araneolis
888 549 956 580 aliae

63 593 151 635 quasi
166 598 228 623 rete
242 597 362 629 texunt,
385 597 430 627 ut
455 591 479 622 si
494 592 568 633 quid
587 591 750 630 inhaeserit,
773 592 953 628 conficiant3

63 637 132 668 aliae
151 642 253 667 autem
269 645 307 666 ex
326 634 482 675 inopinam
501 636 680 671 observant3
704 641 743 674 et,
768 636 792 666 si
813 636 887 677 quid
907 636 955 665 in-

61 680 147 717 cidit,
170 677 329 719 arripiunt,
352 677 445 719 idque
459 685 651 708 consumunt.
685 679 786 709 Pinna
801 689 881 716 vero,
899 679 954 712 (sic

62 723 147 754 enim
167 721 272 752 Graece
292 720 414 758 dicitur)
434 721 553 752 duabus
572 721 738 770 grandibus
758 723 864 763 patula
883 732 954 753 con-

61 765 137 803 nbis,
160 775 230 796 cum
249 764 343 805 parva
363 764 475 805 squilla
494 764 581 805 quasi
602 765 771 796 societatem
792 766 851 796 coit
871 775 954 796 com-

61 808 190 851 parandi
204 807 272 839 cibi.
296 807 417 856 Itaque,
428 815 498 838 cum
510 808 645 848 pisciculi
659 809 745 849 parvi
759 809 790 839 in
806 809 952 839 concham

59 852 197 884 hiantem
215 850 428 887 innataverint‚
445 856 523 886 turn
540 850 696 882 admonita
712 850 746 890 [a
758 852 868 892 squilla
883 852 952 892 pin-

59 897 117 934 na]
130 905 233 926 morsu
249 893 421 935 comprimit
435 894 570 924 conchas.
600 894 650 925 Sic
661 895 871 926 dissimillimis
885 897 953 926 bes-

61 939 141 970 tiolis
162 937 362 969 communiter
384 937 468 967 cibus
487 937 643 978 quaeritur.
667 938 705 968 In
721 949 783 979 quo
798 939 952 969 admiran-

60 983 135 1014 dum
148 987 202 1019 est,
219 990 417 1030 congressune
431 980 534 1021 aliquo
547 979 626 1011 inter
640 991 682 1016 se
699 992 738 1012 an
752 982 818 1021 jam
830 982 901 1012 inde
912 983 951 1013 ab

59 1032 127 1057 ortu
142 1030 269 1059 naturae
285 1023 359 1064 ipsae
378 1029 565 1064 congregatae
580 1023 648 1054 sint.
672 1024 731 1055 Est
745 1025 836 1055 etiam
852 1026 951 1056 admi-

60 1068 136 1101 ratio
155 1067 302 1098 nonnulla
320 1067 356 1100 in
366 1066 468 1097 bestiis
483 1067 691 1107 aquatilibus'
682 1067 718 1098 iis
733 1079 803 1109 quae
817 1079 951 1109 gignun-

60 1117 110 1142 tur
120 1111 152 1142 in
163 1110 262 1146 terra3
275 1109 370 1141 veluti
381 1104 531 1148 crocodili,
541 1109 762 1152 fluviatilesque
773 1112 948 1150 testudines,

58 1154 271 1203 quaedamque
282 1159 431 1194 serpentes
451 1159 524 1183 ortae
548 1158 634 1184 extra
652 1164 776 1195 aquam,
800 1155 892 1185 simul
915 1166 950 1186 ac

57 1198 194 1240 primum
217 1196 274 1227 niti
296 1202 432 1237 possunt
456 1205 568 1237 aquam
593 1204 825 1238 persequuntur.
861 1198 947 1237 Quin

59 1241 151 1272 etiam
165 1246 291 1270 anatum
306 1249 363 1269 ova
377 1239 496 1280 gallinis
512 1250 590 1281 saepe
609 1240 829 1290 supponimus3
847 1252 863 1272 e
878 1242 948 1283 qui-

57 1285 115 1316 bus
128 1283 207 1325 pulli
222 1282 279 1313 orti
293 1282 428 1323 primum
443 1283 567 1313 aluntur
582 1284 643 1313 ab
635 1283 682 1319 iis,
703 1290 738 1314 ut
753 1295 771 1314 a
785 1285 945 1322 matribus,

58 1339 77 1359 a
91 1327 202 1369 quibus
217 1326 331 1356 exclusi
346 1325 462 1366 fotique
473 1332 562 1362 sunt3
576 1326 684 1357 deinde
695 1338 744 1358 eas
755 1328 944 1369 relinquunt

57 1377 87 1402 et
111 1370 260 1410 effugiunt
278 1375 445 1409 sequentes,
465 1379 535 1399 cum
556 1369 691 1410 primum
712 1381 836 1410 aquam,
860 1371 946 1412 quasi

57 1413 227 1444 naturalem
252 1412 390 1449 domum,
413 1412 513 1442 videre
534 1419 707 1453 potuerunt.
739 1413 875 1444 Tantam
898 1414 945 1444 in-

58 1456 163 1498 genuit
191 1455 396 1486 animantibus
422 1456 616 1486 conservandi
641 1456 688 1486 sui
713 1463 822 1487 natura
847 1463 946 1488 custo-

56 1500 149 1532 diam.

101 1542 226 1574 XLIX.
251 1541 328 1582 Legi
348 1541 439 1572 etiam
462 1543 619 1584 scriptum,
643 1553 705 1574 esse
727 1554 814 1574 avem
837 1554 946 1584 quam-

59 1586 142 1623 dam,
166 1595 235 1625 quae
257 1585 393 1615 Platalea
417 1585 642 1616 nominaretur.
667 1597 734 1617 eam
760 1586 817 1617 sibi
842 1587 946 1617 cibum

59 1638 193 1671 quaerere
216 1628 406 1658 advolantem
430 1628 468 1658 ad
492 1639 539 1659 eas
562 1639 642 1667 aves,
666 1640 735 1670 quae
757 1639 787 1660 se
813 1629 845 1659 in
866 1629 945 1660 mari

58 1676 239 1713 mergerent,
262 1682 331 1712 quae
350 1681 420 1701 cum
441 1672 640 1708 emersissent,
663 1673 836 1713 piscemque
851 1672 945 1713 cepis-

56 1721 132 1752 sent,
148 1724 245 1755 usque
259 1724 294 1744 eo
308 1724 444 1755 premere
459 1725 561 1745 earum
577 1715 676 1756 capita
690 1715 852 1754 mordicus,
868 1715 944 1746 dum

58 1759 119 1790 inae
130 1763 252 1800 captum
265 1757 436 1788 amitterent
447 1769 456 1795 ς
471 1758 503 1788 id
519 1758 601 1799 quod
612 1758 678 1800 ipsa
688 1758 850 1790 invaderet.
881 1758 945 1789 Ea-
