1180 1935
150 42 212 76 DE
233 42 341 75 NAT.
358 43 495 76 DEOR.
521 43 600 74 Iam.
617 42 683 74 III.
700 43 784 75 CAP.
800 44 853 76 29.
891 45 953 75 425

71 131 107 162 iis
122 130 192 162 solis
207 130 368 168 consuluit,
385 140 460 171 quos
479 129 560 161 bona
579 130 694 160 ratione
713 130 856 167 donavit;
881 140 957 171 quos

71 174 220 212 videmus,
245 174 270 204 si
292 173 382 203 modo
406 173 461 203 ulli
485 178 567 211 sunt,
591 183 652 203 esse
674 183 847 214 perpaucos.
882 174 958 203 Nou

71 217 169 257 placet
190 222 303 253 autem,
319 216 422 257 paucis
442 227 461 246 a
482 215 550 245 Diis
565 216 787 246 immortalibus
807 226 869 246 esse
889 225 960 246 con-

72 260 187 290 sultum
201 271 210 294 ς
234 259 369 300 sequitur
383 269 464 299 crgo,
481 265 515 288 ut
531 259 643 288 nemini
659 259 830 288 consultum
846 259 893 289 sit.

115 302 281 333 XXVIII.
306 302 387 332 Huic
403 302 467 332 loco
483 301 523 332 sic
535 301 634 331 soletis
649 311 817 331 occurrere:
840 312 900 332 non
912 302 959 332 id-

72 345 149 375 circo
169 355 229 376 non
252 345 365 385 optime
386 345 472 375 nobis
492 355 510 374 a
531 344 599 374 Diis
618 354 679 374 esse
694 344 860 384 provisum,
877 345 961 385 quod

72 388 162 418 multi
178 398 281 418 eorum
297 387 440 417 beneficio
456 397 591 428 perverse
605 392 779 416 uterentur:
801 387 892 417 etiam
904 398 960 428 pa-

72 430 220 461 trimoniis
235 430 347 461 multos
362 431 442 460 male
458 430 522 466 uti3
543 440 607 468 nec,
624 431 662 460 ob
678 439 742 459 eam
760 440 893 466 causam,
911 441 960 460 eos

72 473 252 503 beneficium
278 484 296 503 a
321 473 458 514 patribus
483 473 604 503 nullum
630 473 749 502 habere.
783 472 959 515 Quisquam

72 516 148 546 istuc
172 517 286 556 negat?
314 522 367 546 aut
389 527 458 557 quae
479 522 522 546 est
544 516 575 545 in
598 515 755 546 collatione
777 515 834 545 ista
855 516 962 546 simili-

72 559 171 589 tudo?
206 559 272 589 Nec
297 559 377 589 enim
405 559 532 589 Herculi
556 558 702 588 Deianira
724 567 830 588 nocere
852 558 959 595 voluit,

72 612 143 631 cum
164 602 190 632 ei
211 602 356 639 tunicam,
373 601 519 642 sanguine
534 601 679 631 Centauri
699 601 837 639 tinctam,
856 600 958 637 dedit;

73 654 127 674 nec
142 644 280 685 prodesse
295 644 421 674 Pheraeo
440 644 543 674 I'a'soni
562 644 598 681 is,
615 643 668 684 qui
689 643 790 684 gladio
810 643 961 674 vomicam

73 688 138 726 ejus
168 687 296 728 aperuit,
327 697 420 727 quam
451 697 555 717 sanare
583 686 692 716 medici
722 696 783 717 non
812 692 960 727 poterant.

73 729 171 760 Multi
186 730 279 767 enim,
300 730 390 760 etiam
411 740 482 760 cum
502 731 604 760 obesse
623 729 746 766 vellent,
767 729 960 770 profuerunt,

73 778 102 802 et
117 783 188 803 cum
203 773 352 813 prodesse,
369 773 541 803 obfuerunt.
570 773 620 802 Ita
634 782 695 802 non
710 772 755 809 fit,
772 783 810 802 ex
830 782 865 802 eo
880 773 963 814 quod

72 815 173 853 datur,
191 822 226 845 ut
240 815 378 846 voluntas
394 817 470 855 ejus,
487 816 541 856 qui
561 815 687 853 dederit,
709 821 869 855 appareat:
894 825 960 853 nec,

73 858 98 888 si
113 858 149 895 is,
166 858 219 899 qui
240 858 363 899 accepit,
385 860 461 889 bene
481 859 587 896 utitur,
610 858 719 888 idcirco
739 858 775 895 is,
795 858 848 898 qui
868 858 962 896 dedit,

73 901 169 931 amice
190 901 281 931 dedit.
315 901 394 939 Quae
416 901 497 931 enim
517 901 622 937 libido,
639 912 708 941 quae
727 901 863 939 avaritia,
880 901 963 942 quod

73 944 200 981 facinus,
220 950 273 974 aut
295 944 456 985 suscipitur
478 944 535 974 nisi
555 944 678 975 consilio
699 950 802 984 capt0;
825 949 878 974 aut
901 944 964 974 sine

73 987 169 1017 animi
183 993 268 1017 motu
285 993 313 1017 et
328 987 518 1027 cogitatione,
531 987 563 1017 id
579 993 632 1025 est,
646 987 771 1025 ratione,
787 987 963 1027 perficitur?

75 1030 160 1060 Nam
175 1030 274 1060 omnis
289 1030 390 1071 opinio
405 1030 480 1060 ratio
496 1036 550 1067 est,
567 1036 596 1060 et
611 1030 735 1071 quidem
746 1031 827 1060 bona
838 1030 925 1067 ratio,
939 1030 964 1060 si

74 1083 164 1108 vera;
188 1073 269 1103 mala
291 1079 405 1111 autem,
425 1073 450 1103 si
470 1073 547 1103 falsa
569 1078 612 1103 est
632 1073 743 1114 opinio.
778 1072 837 1103 Sed
857 1083 875 1102 a
896 1073 966 1104 Deo

75 1121 194 1146 tantum
207 1116 353 1146 rationem
365 1116 523 1153 habemus,
535 1116 559 1146 si
570 1116 661 1146 modo
670 1116 835 1151 habemus;
852 1117 965 1146 bonam

74 1164 177 1188 autem
190 1159 348 1197 rationem,
359 1165 412 1189 aut
423 1169 484 1189 non
496 1160 620 1197 bonam,
633 1170 651 1189 a
664 1158 759 1188 nobis.
784 1159 856 1188 Non
870 1159 964 1197 enim,

74 1207 111 1231 ut
130 1201 348 1242 patrimonium
366 1202 559 1242 relinquitur,
577 1202 618 1232 sic
632 1202 708 1232 ratio
722 1201 839 1232 homini
855 1208 898 1232 est
912 1203 966 1232 be-

74 1245 181 1275 neficio
196 1244 334 1275 Deorum
349 1244 428 1275 data.
461 1245 547 1282 Quid
568 1244 649 1275 enim
671 1244 771 1285 potius
788 1245 965 1275 hominibus

75 1287 236 1325 dedissent,
254 1287 278 1317 si
293 1288 329 1318 iis
343 1298 448 1318 nocere
463 1288 650 1318 voluissent?
675 1287 837 1326 Injustitiae
848 1294 964 1325 autem,

74 1330 325 1371 intemperantiae,
342 1331 521 1369 timiditatis,
538 1341 607 1372 quae
622 1330 737 1361 semina
752 1336 860 1370 essent,
877 1331 902 1361 si
917 1331 965 1361 his

75 1373 155 1404 vitiis
170 1373 246 1403 ratio
261 1383 320 1403 non
337 1375 494 1404 subesset?

118 1416 247 1446 XXIX.
272 1416 385 1447 Medea
404 1417 495 1448 modo
510 1422 539 1446 et
554 1416 669 1447 Atreus
685 1418 965 1447 commemoraban-

75 1466 125 1490 tur
141 1470 159 1489 a
173 1459 270 1496 nobis,
287 1459 415 1490 heroicae
434 1469 579 1501 personae,
596 1460 671 1490 inita
690 1459 899 1500 subductaque
918 1470 966 1490 ra-

76 1503 168 1539 tione,
196 1502 309 1533 nefaria
335 1503 444 1533 scelera
469 1503 657 1533 meditantes.
692 1502 803 1540 Quid?
830 1503 966 1533 levitates

75 1545 207 1583 comicae,
229 1555 377 1585 parumne
397 1556 514 1586 semper
531 1546 563 1575 in
579 1546 693 1575 ratione
708 1547 888 1576 versantur?
911 1556 966 1586 pa-

75 1598 185 1619 rumne
199 1588 348 1619 subtiliter
364 1589 497 1630 disputat
512 1589 563 1619 ille
577 1589 609 1618 in
624 1589 778 1619 Eunucho
789 1590 803 1619 ‚⁹

122 1696 457 1705 ........................
462 1675 484 1692 “
498 1673 572 1715 quid
587 1673 680 1714 igitur
696 1673 804 1704 faciam
817 1675 831 1704 ‚⁹

119 1715 271 1757 Exclusit,
287 1724 421 1749 revocat:
444 1717 588 1749 redeam?
607 1727 680 1753 non,
697 1717 721 1747 si
736 1727 786 1748 me
800 1714 966 1748 obsecret.”

607 1761 626 1790 2
645 1770 665 1791 o
689 1760 709 1790 3
