1226 1935
232 77 356 110 TUSC.
374 78 547 117 QUAEST.
566 78 646 108 Lm.
665 76 732 107 ΙΙΙ.
757 74 841 106 ΟΛΡ.
863 74 910 105 19.
960 75 1020 106 199

127 163 372 204 tergiversamur,
395 165 539 206 Epicure,
556 175 610 195 nec
625 164 757 194 fatemur
772 171 838 192 eam
854 170 908 192 nos
922 161 1020 192 dicere

126 207 327 247 voluptatem,
340 219 433 249 quam
451 214 482 238 tu
500 208 592 246 idem,
606 217 676 238 cum
692 217 724 237 os
736 204 927 247 perfricuisti,
945 205 1021 235 soles

125 250 223 280 dicere
237 251 250 280 Ρ
275 252 354 281 Sunt
369 251 432 282 haec
448 258 501 281 tua
517 253 617 287 verba,
635 251 752 280 necne?
779 248 816 277 In
837 258 872 277 eo
893 247 1017 288 quidem

125 292 214 330 libro,
232 293 285 334 qui
301 294 433 325 continet
448 304 570 325 onmem
586 293 777 334 disciplinam
793 296 879 320 tuam
896 290 1020 331 (fungar

125 336 208 366 enim
225 337 290 375 jam
312 337 481 379 interpretis
497 347 634 377 munere,
658 347 696 367 ne
711 335 779 376 quis
794 344 844 363 me
859 340 945 374 putet
961 334 1018 363 fin-

125 385 207 419 gere)
229 379 302 410 dicis
318 380 400 410 haec:
427 384 450 398 “
464 381 495 411 N
498 391 530 411 ec
546 380 687 421 equidem
703 379 810 413 haben,
831 376 914 417 quod
929 377 1020 407 intel-

123 422 218 463 ligarn
241 424 356 453 bonum
380 424 468 462 illud,
493 423 652 454 detrahens
674 433 722 453 eas
745 420 925 460 voluptates,
950 430 1020 460 quae

125 475 229 506 sapore
249 466 478 507 percipiuntur;
502 466 662 497 detrahens
688 476 749 503 eas,
775 463 970 504 quae,auditu
991 469 1020 493 et

125 509 283 545 cantibus;
307 509 467 540 detrahens
487 520 537 540 eas
557 510 660 547 etiam,
685 519 754 550 quae
774 517 811 537 ex
831 506 936 536 formis
951 516 1020 546 per-

123 551 278 592 cipiuntur
293 553 399 589 oculis,
424 563 530 583 suaves
545 553 705 589 motiones,
722 551 784 582 sive
799 560 868 591 quae
883 549 950 579 aliae
967 559 1019 579 vo·

125 594 257 635 luptates
279 595 311 625 in
334 602 396 626 toto
419 596 543 626 homine
565 596 735 636 gignuntur
758 593 895 635 quolibet
919 602 1018 622 sensu.

125 638 158 668 N
162 648 194 668 ec
209 648 278 668 vero
293 638 336 668 ita
356 638 415 669 dici
436 645 544 680 potest,
568 639 678 669 mentis
692 637 831 668 laetitiam
846 635 942 666 solam
958 646 1020 666 esse

125 681 157 711 in
184 681 280 712 bonis.
319 681 491 712 Laetantem
517 682 599 712 enim
626 688 761 712 mentem
786 680 829 709 ita
855 679 937 715 novi,
969 690 1022 719 spe

126 734 232 755 eorum
253 725 392 755 omnium
413 736 482 766 quae
502 736 593 766 supra
614 725 689 761 dixi,
714 724 777 754 fore
792 729 827 753 ut
842 728 961 759 natura,
985 722 1022 752 iis

124 767 252 808 potiens,
276 767 378 798 dolore
393 769 524 798 careat.”
546 769 654 809 Atque
669 768 733 798 haec
748 766 873 808 quidem
889 765 937 796 his
952 776 1019 796 ver-

123 810 181 848 bis,
195 810 294 851 quivis
309 817 343 841 ut
358 811 519 852 intelligat,
537 822 631 852 quam
644 811 832 851 voluptatem
847 808 928 838 norit
944 808 1021 849 Epi-

123 864 222 884 curus.
262 853 382 884 Deinde
406 855 498 895 paulo
520 855 611 891 infra,
637 857 660 872 “
675 854 763 894 Saepe
790 852 950 894 quaesivi,''
974 852 1020 881 in-

123 897 201 938 quit,
227 899 249 915 ‘⁴
263 907 300 927 ex
315 897 351 927 iis
367 898 420 938 qui
436 898 669 939 appellabantur
689 897 850 937 sapientes,
873 895 947 935 quid
966 895 1021 925 ha-

122 941 238 976 berent,
263 940 345 980 quod
365 941 396 970 in
417 941 504 971 bonis
524 941 740 982 relinquerent,
765 939 790 969 si
804 939 858 969 illa
872 938 1020 968 detraxis-

122 989 200 1021 sent,
224 983 282 1013 nisi
303 983 327 1014 si
347 984 459 1014 vellent
477 994 563 1014 voces
581 984 685 1014 inanes
700 982 837 1013 fundere.
874 981 963 1011 Nihil
979 983 1018 1011 ab

121 1026 169 1057 his
180 1026 266 1067 potui
276 1037 471 1067 cognoscere:
496 1027 550 1068 qui
561 1027 585 1057 si
600 1027 726 1057 virtutes
741 1025 867 1056 ebullire
883 1023 1019 1066 [nolent]

124 1075 154 1100 et
165 1070 336 1110 sapientias,
361 1070 438 1100 nihil
453 1070 537 1100 aliud
553 1070 664 1107 dicent,
688 1069 746 1099 nisi
761 1079 828 1099 eam
845 1068 937 1105 viam,
957 1068 1020 1108 qua

125 1112 292 1143 efficiantur
314 1123 356 1143 eae
380 1114 562 1154 voluptates,
590 1124 666 1154 quas
689 1123 781 1153 supra
804 1111 902 1141 dixi.’'
940 1110 1021 1148 Quae

126 1153 306 1197 sequuntur,
330 1156 361 1186 in
378 1156 484 1187 eadem
500 1156 647 1186 sententia
663 1161 754 1192 sunt3
778 1161 921 1195 totusque
932 1154 1021 1191 liber,

129 1200 184 1240 qui
204 1205 247 1229 est
266 1199 304 1229 de
317 1209 439 1230 summo
453 1201 544 1237 bono,
561 1199 687 1230 refertus
702 1205 732 1229 et
748 1198 844 1229 verbis
860 1203 889 1227 et
904 1203 1023 1227 senten-

129 1242 179 1273 tiis
199 1242 317 1272 talibus.
355 1243 410 1273 Ad
429 1243 575 1273 hanccine
595 1243 688 1283 igitur
703 1242 797 1272 vitam
819 1241 1021 1271 Telamonem

130 1286 219 1316 illum
235 1286 397 1324 revocabis,
421 1292 456 1316 ut
471 1287 550 1316 leves
565 1285 775 1326 aegritudinem
787 1286 801 1315 ?
825 1284 879 1321 Et,
904 1283 1022 1324 siquem

131 1336 254 1359 tuorum
273 1329 419 1359 afflictum
439 1339 566 1360 moerore
585 1328 705 1365 videris,
728 1328 800 1358 huic
820 1327 1023 1367 acipenserem

130 1372 242 1413 potius,
265 1382 359 1412 quam
379 1372 513 1413 aliquem
529 1372 715 1403 Socraticum
734 1371 886 1408 libellum,
910 1370 1021 1400 dabis?

130 1415 272 1456 hydrauli
286 1414 442 1445 hortabere
457 1421 492 1445 ut
503 1416 607 1446 audiat
616 1425 701 1445 voces
714 1414 825 1455 potius,
842 1424 936 1454 quam
950 1413 1023 1443 Pla-

128 1458 231 1489 tonis?
255 1468 396 1498 expones,
420 1469 489 1499 quae
503 1464 616 1500 spectet
630 1457 737 1489 florida
755 1463 784 1487 et
802 1456 885 1487 varia
896 1458 910 1487 Ρ
934 1456 1022 1487 fasci-

129 1502 235 1532 culum
250 1501 289 1531 ad.
304 1511 389 1531 nares
399 1501 572 1532 admovebis
583 1504 597 1533 ἲ
613 1501 753 1532 incendes
768 1500 874 1531 odores
886 1501 899 1530 Ρ
917 1506 946 1530 et
962 1510 1023 1529 ser-

126 1545 167 1575 tis
182 1544 315 1574 redimiri
327 1545 459 1584 jubebis,
483 1551 513 1576 et
529 1545 597 1576 rosa
608 1547 622 1576 ?
646 1545 679 1575 Si
699 1554 769 1577 vero
784 1543 901 1585 aliquid
916 1543 1021 1581 etiam,

127 1595 194 1618 tum
210 1588 300 1628 plane
314 1587 432 1618 luctum
447 1598 570 1619 omnem
586 1588 756 1619 absterseris
767 1589 781 1618 ?

171 1630 265 1660 xlx.
291 1630 367 1661 Haec
381 1631 516 1672 Epicuro
531 1631 701 1663 confitenda
716 1636 797 1667 sunt,
819 1635 873 1660 aut
888 1640 933 1665 ea,
951 1639 1022 1670 quae

126 1673 219 1705 modo
240 1684 380 1715 expressa
398 1674 437 1704 ad
456 1677 583 1705 verbum
604 1675 680 1712 dixi,
702 1673 836 1704 tollenda
856 1673 893 1702 de
917 1672 1020 1708 lib103

127 1718 173 1749 vel
187 1724 266 1748 totus
281 1717 357 1748 liber
368 1718 468 1760 potius
480 1718 676 1759 abjiciendus.
701 1718 759 1749 Est
771 1717 853 1748 enim
865 1715 1019 1747 confertus
