<?xml version="1.0" encoding="UTF-8"?>
<!DOCTYPE html PUBLIC "-//W3C//DTD XHTML 1.0 Transitional//EN"
    "http://www.w3.org/TR/xhtml1/DTD/xhtml1-transitional.dtd">
<html xmlns="http://www.w3.org/1999/xhtml" xml:lang="en" lang="en">
 <head>
  <title>
</title>
<meta http-equiv="Content-Type" content="text/html;charset=utf-8" />
  <meta name='ocr-system' content='tesseract 3.04.00' />
  <meta name='ocr-capabilities' content='ocr_page ocr_carea ocr_par ocr_line ocrx_word'/>
</head>
<body>
  <div class='ocr_page' id='page_1' title='image "./operaern03ciceuoft_0278.png"; bbox 0 0 1226 1935; ppageno 0'>
   <div class='ocr_carea' id='block_1_1' title="bbox 240 83 998 123">
    <p class='ocr_par' dir='ltr' id='par_1_1' title="bbox 240 83 998 123">
     <span class='ocr_line' id='line_1_1' title="bbox 240 83 998 123; baseline 0.003 -11"><span class='ocrx_word' id='word_1_1' title='bbox 240 83 302 113; x_wconf 65' lang='lat'><strong>264</strong></span> <span class='ocrx_word' id='word_1_2' title='bbox 361 83 485 115; x_wconf 84' lang='lat' dir='ltr'><strong>TUSC.</strong></span> <span class='ocrx_word' id='word_1_3' title='bbox 502 84 674 123; x_wconf 80' lang='lat' dir='ltr'><strong>QUAEST.</strong></span> <span class='ocrx_word' id='word_1_4' title='bbox 692 85 771 115; x_wconf 77' lang='lat' dir='ltr'><strong>Lm.</strong></span> <span class='ocrx_word' id='word_1_5' title='bbox 788 85 828 115; x_wconf 82' lang='lat' dir='ltr'><strong>V.</strong></span> <span class='ocrx_word' id='word_1_6' title='bbox 847 84 930 115; x_wconf 69' lang='lat' dir='ltr'><strong>CAP.</strong></span> <span class='ocrx_word' id='word_1_7' title='bbox 950 85 998 114; x_wconf 83' lang='lat'><strong>13.</strong></span> 
     </span>
    </p>
   </div>
   <div class='ocr_carea' id='block_1_2' title="bbox 237 168 1131 642">
    <p class='ocr_par' dir='ltr' id='par_1_2' title="bbox 237 168 1131 642">
     <span class='ocr_line' id='line_1_2' title="bbox 240 168 1129 212; baseline 0.001 -14"><span class='ocrx_word' id='word_1_8' title='bbox 240 168 360 209; x_wconf 84' lang='lat' dir='ltr'><strong>inquit:</strong></span> <span class='ocrx_word' id='word_1_9' title='bbox 387 172 409 188; x_wconf 70' lang='lat'><strong>‘⁶</strong></span> <span class='ocrx_word' id='word_1_10' title='bbox 425 181 584 212; x_wconf 86' lang='lat' dir='ltr'><strong>nunquam</strong></span> <span class='ocrx_word' id='word_1_11' title='bbox 600 172 681 202; x_wconf 87' lang='lat' dir='ltr'><strong>enim</strong></span> <span class='ocrx_word' id='word_1_12' title='bbox 697 182 767 203; x_wconf 84' lang='lat' dir='ltr'><strong>cum</strong></span> <span class='ocrx_word' id='word_1_13' title='bbox 788 182 822 202; x_wconf 92' lang='lat' dir='ltr'><strong>eo</strong></span> <span class='ocrx_word' id='word_1_14' title='bbox 842 172 1007 202; x_wconf 82' lang='lat' dir='ltr'><strong>collocutus</strong></span> <span class='ocrx_word' id='word_1_15' title='bbox 1027 169 1129 200; x_wconf 81' lang='lat' dir='ltr'><strong>sum.&#39;&#39;</strong></span> 
     </span>
     <span class='ocr_line' id='line_1_3' title="bbox 238 211 1129 255; baseline 0 -13"><span class='ocrx_word' id='word_1_16' title='bbox 238 211 326 242; x_wconf 74' lang='lat' dir='ltr'><strong>Ai‘n’</strong></span> <span class='ocrx_word' id='word_1_17' title='bbox 339 219 373 243; x_wconf 83' lang='lat' dir='ltr'><strong>tu</strong></span> <span class='ocrx_word' id='word_1_18' title='bbox 382 215 396 244; x_wconf 82' lang='lat'>?</span> <span class='ocrx_word' id='word_1_19' title='bbox 412 225 450 244; x_wconf 84' lang='lat' dir='ltr'><strong>an</strong></span> <span class='ocrx_word' id='word_1_20' title='bbox 460 221 493 245; x_wconf 92' lang='lat' dir='ltr'><strong>tu</strong></span> <span class='ocrx_word' id='word_1_21' title='bbox 503 215 589 245; x_wconf 81' lang='lat' dir='ltr'><strong>aliter</strong></span> <span class='ocrx_word' id='word_1_22' title='bbox 600 215 631 245; x_wconf 91' lang='lat' dir='ltr'><strong>id</strong></span> <span class='ocrx_word' id='word_1_23' title='bbox 641 216 715 245; x_wconf 86' lang='lat' dir='ltr'><strong>scire</strong></span> <span class='ocrx_word' id='word_1_24' title='bbox 727 225 787 245; x_wconf 89' lang='lat' dir='ltr'><strong>non</strong></span> <span class='ocrx_word' id='word_1_25' title='bbox 799 216 905 255; x_wconf 79' lang='lat' dir='ltr'><strong>potes?</strong></span> <span class='ocrx_word' id='word_1_26' title='bbox 923 217 945 232; x_wconf 61' lang='lat'><strong>⁶²</strong></span> <span class='ocrx_word' id='word_1_27' title='bbox 954 213 1051 244; x_wconf 83' lang='lat' dir='ltr'><strong>Nullo</strong></span> <span class='ocrx_word' id='word_1_28' title='bbox 1063 223 1129 242; x_wconf 88' lang='lat' dir='ltr'><strong>mo-</strong></span> 
     </span>
     <span class='ocr_line' id='line_1_4' title="bbox 240 255 1131 298; baseline 0.001 -14"><span class='ocrx_word' id='word_1_29' title='bbox 240 255 313 285; x_wconf 78' lang='lat' dir='ltr'><strong>do.&#39;’</strong></span> <span class='ocrx_word' id='word_1_30' title='bbox 337 256 389 286; x_wconf 89' lang='lat' dir='ltr'><strong>Tu</strong></span> <span class='ocrx_word' id='word_1_31' title='bbox 405 257 497 298; x_wconf 81' lang='lat' dir='ltr'><strong>igitur</strong></span> <span class='ocrx_word' id='word_1_32' title='bbox 512 268 549 288; x_wconf 88' lang='lat' dir='ltr'><strong>ne</strong></span> <span class='ocrx_word' id='word_1_33' title='bbox 564 258 601 288; x_wconf 89' lang='lat' dir='ltr'><strong>de</strong></span> <span class='ocrx_word' id='word_1_34' title='bbox 618 259 778 289; x_wconf 81' lang='lat' dir='ltr'>Persarum</span> <span class='ocrx_word' id='word_1_35' title='bbox 795 258 919 298; x_wconf 83' lang='lat' dir='ltr'><strong>quidem</strong></span> <span class='ocrx_word' id='word_1_36' title='bbox 934 267 1003 297; x_wconf 75' lang='lat' dir='ltr'><strong>rege</strong></span> <span class='ocrx_word' id='word_1_37' title='bbox 1018 266 1131 296; x_wconf 81' lang='lat' dir='ltr'><strong>magno</strong></span> 
     </span>
     <span class='ocr_line' id='line_1_5' title="bbox 239 300 1130 341; baseline 0 -13"><span class='ocrx_word' id='word_1_38' title='bbox 239 304 323 338; x_wconf 88' lang='lat' dir='ltr'><strong>potes</strong></span> <span class='ocrx_word' id='word_1_39' title='bbox 350 300 457 338; x_wconf 72' lang='lat' dir='ltr'><strong>dicere,</strong></span> <span class='ocrx_word' id='word_1_40' title='bbox 482 302 626 331; x_wconf 82' lang='lat' dir='ltr'>beatusne</span> <span class='ocrx_word' id='word_1_41' title='bbox 652 302 689 331; x_wconf 82' lang='lat' dir='ltr'><strong>sit</strong></span> <span class='ocrx_word' id='word_1_42' title='bbox 701 304 714 332; x_wconf 65' lang='lat'><strong>1³</strong></span> <span class='ocrx_word' id='word_1_43' title='bbox 739 304 761 318; x_wconf 83' lang='grc'>“</span> <span class='ocrx_word' id='word_1_44' title='bbox 774 301 828 331; x_wconf 90' lang='lat' dir='ltr'><strong>An</strong></span> <span class='ocrx_word' id='word_1_45' title='bbox 850 310 904 341; x_wconf 85' lang='lat' dir='ltr'><strong>ego</strong></span> <span class='ocrx_word' id='word_1_46' title='bbox 919 300 1043 341; x_wconf 67' lang='lat' dir='ltr'><strong>possim,</strong></span> <span class='ocrx_word' id='word_1_47' title='bbox 1060 309 1130 329; x_wconf 87' lang='lat' dir='ltr'><strong>cum</strong></span> 
     </span>
     <span class='ocr_line' id='line_1_6' title="bbox 238 341 1129 385; baseline 0 -14"><span class='ocrx_word' id='word_1_48' title='bbox 238 341 387 382; x_wconf 74' lang='lat' dir='ltr'><strong>ignorem,</strong></span> <span class='ocrx_word' id='word_1_49' title='bbox 404 354 497 384; x_wconf 79' lang='lat' dir='ltr'><strong>quani</strong></span> <span class='ocrx_word' id='word_1_50' title='bbox 514 344 551 374; x_wconf 85' lang='lat' dir='ltr'><strong>sit</strong></span> <span class='ocrx_word' id='word_1_51' title='bbox 561 345 676 380; x_wconf 68' lang='lat' dir='ltr'><strong>doctus,</strong></span> <span class='ocrx_word' id='word_1_52' title='bbox 693 354 787 385; x_wconf 83' lang='lat' dir='ltr'><strong>quam</strong></span> <span class='ocrx_word' id='word_1_53' title='bbox 799 344 844 373; x_wconf 84' lang='lat' dir='ltr'><strong>vir</strong></span> <span class='ocrx_word' id='word_1_54' title='bbox 855 345 953 374; x_wconf 84' lang='lat' dir='ltr'><strong>bonus</strong></span> <span class='ocrx_word' id='word_1_55' title='bbox 965 343 1001 373; x_wconf 73' lang='lat'><strong>?&#39;&#39;</strong></span> <span class='ocrx_word' id='word_1_56' title='bbox 1018 341 1103 380; x_wconf 79' lang='lat' dir='ltr'><strong>Quid</strong></span> <span class='ocrx_word' id='word_1_57' title='bbox 1116 343 1129 372; x_wconf 69' lang='grc' dir='ltr'><em>ἒ</em></span> 
     </span>
     <span class='ocr_line' id='line_1_7' title="bbox 238 385 1131 427; baseline 0 -13"><span class='ocrx_word' id='word_1_58' title='bbox 238 390 272 414; x_wconf 85' lang='lat' dir='ltr'><strong>tu</strong></span> <span class='ocrx_word' id='word_1_59' title='bbox 283 385 314 415; x_wconf 90' lang='lat' dir='ltr'><strong>in</strong></span> <span class='ocrx_word' id='word_1_60' title='bbox 325 396 359 416; x_wconf 92' lang='lat' dir='ltr'><strong>eo</strong></span> <span class='ocrx_word' id='word_1_61' title='bbox 369 387 457 416; x_wconf 83' lang='lat' dir='ltr'><strong>sitam</strong></span> <span class='ocrx_word' id='word_1_62' title='bbox 468 387 561 417; x_wconf 84' lang='lat' dir='ltr'><strong>vitam</strong></span> <span class='ocrx_word' id='word_1_63' title='bbox 572 389 691 417; x_wconf 84' lang='lat' dir='ltr'>beatam</span> <span class='ocrx_word' id='word_1_64' title='bbox 701 393 789 427; x_wconf 84' lang='lat' dir='ltr'><strong>putas</strong></span> <span class='ocrx_word' id='word_1_65' title='bbox 801 388 814 417; x_wconf 65' lang='lat'><strong>:³</strong></span> <span class='ocrx_word' id='word_1_66' title='bbox 829 390 851 404; x_wconf 84' lang='grc'>“</span> <span class='ocrx_word' id='word_1_67' title='bbox 863 387 913 417; x_wconf 86' lang='lat' dir='ltr'><strong>Ita</strong></span> <span class='ocrx_word' id='word_1_68' title='bbox 923 396 1044 427; x_wconf 80' lang='lat' dir='ltr'><strong>prorsus</strong></span> <span class='ocrx_word' id='word_1_69' title='bbox 1055 385 1131 415; x_wconf 81' lang='lat' dir='ltr'><strong>exis-</strong></span> 
     </span>
     <span class='ocr_line' id='line_1_8' title="bbox 238 427 1131 470; baseline 0.001 -13"><span class='ocrx_word' id='word_1_70' title='bbox 238 427 325 466; x_wconf 81' lang='lat' dir='ltr'><strong>timo,</strong></span> <span class='ocrx_word' id='word_1_71' title='bbox 336 430 442 467; x_wconf 81' lang='lat' dir='ltr'><strong>bonos,</strong></span> <span class='ocrx_word' id='word_1_72' title='bbox 453 431 555 460; x_wconf 84' lang='lat' dir='ltr'><strong>beatos</strong></span> <span class='ocrx_word' id='word_1_73' title='bbox 569 442 577 466; x_wconf 91' lang='lat'>;</span> <span class='ocrx_word' id='word_1_74' title='bbox 594 430 759 470; x_wconf 72' lang='lat' dir='ltr'><strong>improbos,</strong></span> <span class='ocrx_word' id='word_1_75' title='bbox 771 430 927 460; x_wconf 78' lang='lat' dir='ltr'><strong>miseros-’⁷</strong></span> <span class='ocrx_word' id='word_1_76' title='bbox 952 429 1048 459; x_wconf 81' lang='lat' dir='ltr'>Miser</span> <span class='ocrx_word' id='word_1_77' title='bbox 1061 438 1131 468; x_wconf 83' lang='lat' dir='ltr'><strong>ergo</strong></span> 
     </span>
     <span class='ocr_line' id='line_1_9' title="bbox 239 471 1130 512; baseline 0 -12"><span class='ocrx_word' id='word_1_78' title='bbox 239 471 432 503; x_wconf 69' lang='lat' dir='ltr'><strong>Archeliius?</strong></span> <span class='ocrx_word' id='word_1_79' title='bbox 458 475 480 490; x_wconf 84' lang='grc'>“</span> <span class='ocrx_word' id='word_1_80' title='bbox 492 474 591 511; x_wconf 78' lang='lat' dir='ltr'><strong>Certe,</strong></span> <span class='ocrx_word' id='word_1_81' title='bbox 605 474 629 503; x_wconf 87' lang='lat' dir='ltr'><strong>si</strong></span> <span class='ocrx_word' id='word_1_82' title='bbox 641 473 804 512; x_wconf 80' lang='lat' dir='ltr'><strong>injustus.&#39;&#39;</strong></span> <span class='ocrx_word' id='word_1_83' title='bbox 828 473 997 503; x_wconf 83' lang='lat' dir='ltr'><strong>Videturne</strong></span> <span class='ocrx_word' id='word_1_84' title='bbox 1007 481 1130 501; x_wconf 88' lang='lat' dir='ltr'><strong>omnem</strong></span> 
     </span>
     <span class='ocr_line' id='line_1_10' title="bbox 239 514 1130 556; baseline -0.001 -12"><span class='ocrx_word' id='word_1_85' title='bbox 239 514 289 544; x_wconf 87' lang='lat' dir='ltr'><strong>hic</strong></span> <span class='ocrx_word' id='word_1_86' title='bbox 304 516 423 545; x_wconf 84' lang='lat' dir='ltr'><strong>beatam</strong></span> <span class='ocrx_word' id='word_1_87' title='bbox 434 516 527 546; x_wconf 85' lang='lat' dir='ltr'><strong>vitam</strong></span> <span class='ocrx_word' id='word_1_88' title='bbox 537 516 568 545; x_wconf 87' lang='lat' dir='ltr'><strong>in</strong></span> <span class='ocrx_word' id='word_1_89' title='bbox 579 516 641 546; x_wconf 45' lang='lat' dir='ltr'><strong>unz&amp;</strong></span> <span class='ocrx_word' id='word_1_90' title='bbox 651 516 761 546; x_wconf 79' lang='lat' dir='ltr'><strong>virtute</strong></span> <span class='ocrx_word' id='word_1_91' title='bbox 770 518 901 556; x_wconf 81' lang='lat' dir='ltr'><strong>ponere?</strong></span> <span class='ocrx_word' id='word_1_92' title='bbox 922 515 1007 553; x_wconf 73' lang='lat' dir='ltr'><strong>Quid</strong></span> <span class='ocrx_word' id='word_1_93' title='bbox 1018 524 1087 545; x_wconf 83' lang='lat' dir='ltr'><strong>vero</strong></span> <span class='ocrx_word' id='word_1_94' title='bbox 1099 514 1130 544; x_wconf 89' lang='lat' dir='ltr'><strong>in</strong></span> 
     </span>
     <span class='ocr_line' id='line_1_11' title="bbox 237 556 1128 599; baseline -0.001 -12"><span class='ocrx_word' id='word_1_95' title='bbox 237 556 405 598; x_wconf 81' lang='lat' dir='ltr'><strong>Epitaphio</strong></span> <span class='ocrx_word' id='word_1_96' title='bbox 415 560 427 589; x_wconf 70' lang='grc' dir='ltr'>Ρ</span> <span class='ocrx_word' id='word_1_97' title='bbox 439 569 500 599; x_wconf 87' lang='lat' dir='ltr'><strong>quo</strong></span> <span class='ocrx_word' id='word_1_98' title='bbox 509 559 600 589; x_wconf 87' lang='lat' dir='ltr'><strong>modo</strong></span> <span class='ocrx_word' id='word_1_99' title='bbox 610 559 713 589; x_wconf 79' lang='lat' dir='ltr'><strong>idem?</strong></span> <span class='ocrx_word' id='word_1_100' title='bbox 726 559 756 588; x_wconf 84' lang='lat' dir='ltr'>N</span> <span class='ocrx_word' id='word_1_101' title='bbox 760 562 847 595; x_wconf 70' lang='lat' dir='ltr'><strong>am,“</strong></span> <span class='ocrx_word' id='word_1_102' title='bbox 858 559 1009 594; x_wconf 71' lang='lat' dir='ltr'><strong>cuiviro‚&#39;&#39;</strong></span> <span class='ocrx_word' id='word_1_103' title='bbox 1018 557 1128 598; x_wconf 79' lang='lat' dir='ltr'><strong>inquit,</strong></span> 
     </span>
     <span class='ocr_line' id='line_1_12' title="bbox 240 601 1129 642; baseline 0 -12"><span class='ocrx_word' id='word_1_104' title='bbox 240 602 263 617; x_wconf 78' lang='grc'>“</span> <span class='ocrx_word' id='word_1_105' title='bbox 279 611 316 630; x_wconf 81' lang='lat' dir='ltr'><strong>ex</strong></span> <span class='ocrx_word' id='word_1_106' title='bbox 329 612 359 631; x_wconf 90' lang='lat' dir='ltr'><strong>se</strong></span> <span class='ocrx_word' id='word_1_107' title='bbox 371 602 436 642; x_wconf 87' lang='lat' dir='ltr'><strong>ipso</strong></span> <span class='ocrx_word' id='word_1_108' title='bbox 447 608 518 642; x_wconf 82' lang='lat' dir='ltr'>apta</span> <span class='ocrx_word' id='word_1_109' title='bbox 530 609 600 632; x_wconf 88' lang='lat' dir='ltr'><strong>sunt</strong></span> <span class='ocrx_word' id='word_1_110' title='bbox 612 602 725 638; x_wconf 67' lang='lat' dir='ltr'><strong>omnia„</strong></span> <span class='ocrx_word' id='word_1_111' title='bbox 737 613 806 642; x_wconf 89' lang='lat' dir='ltr'><strong>quae</strong></span> <span class='ocrx_word' id='word_1_112' title='bbox 818 602 856 631; x_wconf 84' lang='lat' dir='ltr'><strong>ad</strong></span> <span class='ocrx_word' id='word_1_113' title='bbox 867 603 953 631; x_wconf 86' lang='lat' dir='ltr'><strong>beate</strong></span> <span class='ocrx_word' id='word_1_114' title='bbox 965 601 1129 631; x_wconf 85' lang='lat' dir='ltr'><strong>vivendum</strong></span> 
     </span>
    </p>
   </div>
   <div class='ocr_carea' id='block_1_3' title="bbox 239 643 1147 685">
    <p class='ocr_par' dir='ltr' id='par_1_3' title="bbox 239 643 1147 685">
     <span class='ocr_line' id='line_1_13' title="bbox 239 643 1147 685; baseline 0.001 -13"><span class='ocrx_word' id='word_1_115' title='bbox 239 643 352 681; x_wconf 72' lang='lat' dir='ltr'><strong>ferunt,</strong></span> <span class='ocrx_word' id='word_1_116' title='bbox 368 654 433 680; x_wconf 74' lang='lat' dir='ltr'><strong>nec,</strong></span> <span class='ocrx_word' id='word_1_117' title='bbox 451 656 595 685; x_wconf 80' lang='lat' dir='ltr'><strong>suspensa</strong></span> <span class='ocrx_word' id='word_1_118' title='bbox 605 645 733 675; x_wconf 84' lang='lat' dir='ltr'><strong>aliorum</strong></span> <span class='ocrx_word' id='word_1_119' title='bbox 750 652 803 675; x_wconf 84' lang='lat' dir='ltr'><strong>aut</strong></span> <span class='ocrx_word' id='word_1_120' title='bbox 817 646 897 675; x_wconf 88' lang='lat' dir='ltr'><strong>bono</strong></span> <span class='ocrx_word' id='word_1_121' title='bbox 912 655 982 674; x_wconf 85' lang='lat' dir='ltr'><strong>casu</strong></span> <span class='ocrx_word' id='word_1_122' title='bbox 998 650 1050 674; x_wconf 83' lang='lat' dir='ltr'><strong>aut</strong></span> <span class='ocrx_word' id='word_1_123' title='bbox 1060 654 1130 674; x_wconf 70' lang='lat' dir='ltr'><strong>cun·</strong></span> <span class='ocrx_word' id='word_1_124' title='bbox 1145 665 1147 667; x_wconf 93' lang='lat'>-</span> 
     </span>
    </p>
   </div>
   <div class='ocr_carea' id='block_1_4' title="bbox 236 687 1132 932">
    <p class='ocr_par' dir='ltr' id='par_1_4' title="bbox 236 687 1132 932">
     <span class='ocr_line' id='line_1_14' title="bbox 238 687 1131 728; baseline 0.001 -13"><span class='ocrx_word' id='word_1_125' title='bbox 238 687 341 724; x_wconf 80' lang='lat' dir='ltr'><strong>trario,</strong></span> <span class='ocrx_word' id='word_1_126' title='bbox 358 688 488 728; x_wconf 84' lang='lat' dir='ltr'><strong>pendere</strong></span> <span class='ocrx_word' id='word_1_127' title='bbox 510 699 547 718; x_wconf 83' lang='lat' dir='ltr'><strong>ex</strong></span> <span class='ocrx_word' id='word_1_128' title='bbox 563 688 685 718; x_wconf 75' lang='lat' dir='ltr'><strong>alterius</strong></span> <span class='ocrx_word' id='word_1_129' title='bbox 701 688 825 725; x_wconf 87' lang='lat' dir='ltr'><strong>eventis,</strong></span> <span class='ocrx_word' id='word_1_130' title='bbox 848 694 877 717; x_wconf 88' lang='lat' dir='ltr'><strong>et</strong></span> <span class='ocrx_word' id='word_1_131' title='bbox 899 698 995 717; x_wconf 80' lang='lat' dir='ltr'><strong>errare</strong></span> <span class='ocrx_word' id='word_1_132' title='bbox 1017 697 1131 727; x_wconf 83' lang='lat' dir='ltr'><strong>cogun-</strong></span> 
     </span>
     <span class='ocr_line' id='line_1_15' title="bbox 237 730 1132 771; baseline 0.001 -13"><span class='ocrx_word' id='word_1_133' title='bbox 237 735 307 765; x_wconf 85' lang='lat' dir='ltr'><strong>tur;</strong></span> <span class='ocrx_word' id='word_1_134' title='bbox 332 730 403 761; x_wconf 88' lang='lat' dir='ltr'><strong>huic</strong></span> <span class='ocrx_word' id='word_1_135' title='bbox 427 731 540 771; x_wconf 87' lang='lat' dir='ltr'><strong>optime</strong></span> <span class='ocrx_word' id='word_1_136' title='bbox 564 731 683 762; x_wconf 84' lang='lat' dir='ltr'><strong>vivendi</strong></span> <span class='ocrx_word' id='word_1_137' title='bbox 708 732 783 761; x_wconf 86' lang='lat' dir='ltr'><strong>ratio</strong></span> <span class='ocrx_word' id='word_1_138' title='bbox 799 737 971 771; x_wconf 81' lang='lat' dir='ltr'><strong>comparata</strong></span> <span class='ocrx_word' id='word_1_139' title='bbox 987 736 1038 760; x_wconf 84' lang='lat' dir='ltr'><strong>est.</strong></span> <span class='ocrx_word' id='word_1_140' title='bbox 1069 730 1132 760; x_wconf 83' lang='lat' dir='ltr'><strong>Hic</strong></span> 
     </span>
     <span class='ocr_line' id='line_1_16' title="bbox 238 773 1129 814; baseline 0.001 -12"><span class='ocrx_word' id='word_1_141' title='bbox 238 779 282 802; x_wconf 79' lang='lat' dir='ltr'><strong>est</strong></span> <span class='ocrx_word' id='word_1_142' title='bbox 308 773 359 803; x_wconf 90' lang='lat' dir='ltr'><strong>ille</strong></span> <span class='ocrx_word' id='word_1_143' title='bbox 385 774 568 809; x_wconf 73' lang='lat' dir='ltr'><strong>moderatus,</strong></span> <span class='ocrx_word' id='word_1_144' title='bbox 594 774 643 804; x_wconf 86' lang='lat' dir='ltr'><strong>hic</strong></span> <span class='ocrx_word' id='word_1_145' title='bbox 668 774 764 810; x_wconf 75' lang='lat' dir='ltr'><strong>fortis,</strong></span> <span class='ocrx_word' id='word_1_146' title='bbox 788 774 838 804; x_wconf 87' lang='lat' dir='ltr'><strong>hic</strong></span> <span class='ocrx_word' id='word_1_147' title='bbox 862 774 991 814; x_wconf 77' lang='lat' dir='ltr'><strong>sapiens,</strong></span> <span class='ocrx_word' id='word_1_148' title='bbox 1014 773 1075 809; x_wconf 82' lang='lat' dir='ltr'><strong>hic,</strong></span> <span class='ocrx_word' id='word_1_149' title='bbox 1100 779 1129 803; x_wconf 81' lang='lat' dir='ltr'><strong>et</strong></span> 
     </span>
     <span class='ocr_line' id='line_1_17' title="bbox 239 816 1129 858; baseline 0 -13"><span class='ocrx_word' id='word_1_150' title='bbox 239 816 432 847; x_wconf 81' lang='lat' dir='ltr'><strong>nascentibus</strong></span> <span class='ocrx_word' id='word_1_151' title='bbox 459 823 487 847; x_wconf 89' lang='lat' dir='ltr'><strong>et</strong></span> <span class='ocrx_word' id='word_1_152' title='bbox 511 817 686 847; x_wconf 81' lang='lat' dir='ltr'>cadentibus</span> <span class='ocrx_word' id='word_1_153' title='bbox 711 828 781 847; x_wconf 84' lang='lat' dir='ltr'><strong>cum</strong></span> <span class='ocrx_word' id='word_1_154' title='bbox 806 817 928 858; x_wconf 80' lang='lat' dir='ltr'><strong>reliquis</strong></span> <span class='ocrx_word' id='word_1_155' title='bbox 952 816 1129 853; x_wconf 77' lang='lat' dir='ltr'><strong>commodis,</strong></span> 
     </span>
     <span class='ocr_line' id='line_1_18' title="bbox 237 859 1129 901; baseline 0 -13"><span class='ocrx_word' id='word_1_156' title='bbox 237 864 304 888; x_wconf 86' lang='lat' dir='ltr'><strong>tum</strong></span> <span class='ocrx_word' id='word_1_157' title='bbox 321 860 455 890; x_wconf 74' lang='lat' dir='ltr'><strong>maxime</strong></span> <span class='ocrx_word' id='word_1_158' title='bbox 470 860 582 899; x_wconf 72' lang='lat' dir='ltr'><strong>1iberis,</strong></span> <span class='ocrx_word' id='word_1_159' title='bbox 600 861 717 901; x_wconf 80' lang='lat' dir='ltr'><strong>parebit</strong></span> <span class='ocrx_word' id='word_1_160' title='bbox 732 867 760 891; x_wconf 86' lang='lat' dir='ltr'><strong>et</strong></span> <span class='ocrx_word' id='word_1_161' title='bbox 782 860 900 890; x_wconf 85' lang='lat' dir='ltr'><strong>obediet</strong></span> <span class='ocrx_word' id='word_1_162' title='bbox 920 866 1068 901; x_wconf 64' lang='lat' dir='ltr'><strong>praecepto</strong></span> <span class='ocrx_word' id='word_1_163' title='bbox 1084 859 1129 889; x_wconf 84' lang='lat' dir='ltr'><strong>illi</strong></span> 
     </span>
     <span class='ocr_line' id='line_1_19' title="bbox 236 902 372 932; baseline 0.007 -1"><span class='ocrx_word' id='word_1_164' title='bbox 236 902 372 932; x_wconf 78' lang='lat' dir='ltr'><strong>veteri:&#39;&#39;</strong></span> 
     </span>
    </p>
   </div>
   <div class='ocr_carea' id='block_1_5' title="bbox 281 963 1130 1122">
    <p class='ocr_par' dir='ltr' id='par_1_5' title="bbox 281 963 1130 1044">
     <span class='ocr_line' id='line_1_20' title="bbox 281 963 1130 1004; baseline 0 -11"><span class='ocrx_word' id='word_1_165' title='bbox 281 964 304 980; x_wconf 73' lang='lat'><strong>‘⁶</strong></span> <span class='ocrx_word' id='word_1_166' title='bbox 322 963 433 1004; x_wconf 85' lang='lat' dir='ltr'><strong>Neque</strong></span> <span class='ocrx_word' id='word_1_167' title='bbox 462 964 543 994; x_wconf 89' lang='lat' dir='ltr'><strong>enim</strong></span> <span class='ocrx_word' id='word_1_168' title='bbox 569 963 721 993; x_wconf 58' lang='lat' dir='ltr'><strong>laetabitur</strong></span> <span class='ocrx_word' id='word_1_169' title='bbox 750 973 886 1004; x_wconf 81' lang='lat' dir='ltr'><strong>unquam</strong></span> <span class='ocrx_word' id='word_1_170' title='bbox 913 973 967 994; x_wconf 88' lang='lat' dir='ltr'><strong>nec</strong></span> <span class='ocrx_word' id='word_1_171' title='bbox 993 963 1130 993; x_wconf 83' lang='lat' dir='ltr'><strong>moerebit</strong></span> 
     </span>
     <span class='ocr_line' id='line_1_21' title="bbox 409 1017 512 1044; baseline 0.01 -8"><span class='ocrx_word' id='word_1_172' title='bbox 409 1017 512 1044; x_wconf 80' lang='lat' dir='ltr'><strong>nnms,</strong></span> 
     </span>
    </p>

    <p class='ocr_par' dir='ltr' id='par_1_6' title="bbox 281 1049 1127 1122">
     <span class='ocr_line' id='line_1_22' title="bbox 281 1049 1127 1091; baseline 0.001 -12"><span class='ocrx_word' id='word_1_173' title='bbox 281 1049 376 1087; x_wconf 85' lang='lat' dir='ltr'><strong>Quod</strong></span> <span class='ocrx_word' id='word_1_174' title='bbox 400 1060 517 1090; x_wconf 78' lang='lat' dir='ltr'><strong>semper</strong></span> <span class='ocrx_word' id='word_1_175' title='bbox 543 1050 573 1080; x_wconf 88' lang='lat' dir='ltr'><strong>in</strong></span> <span class='ocrx_word' id='word_1_176' title='bbox 601 1060 631 1080; x_wconf 83' lang='lat' dir='ltr'><strong>se</strong></span> <span class='ocrx_word' id='word_1_177' title='bbox 655 1050 720 1091; x_wconf 82' lang='lat' dir='ltr'><strong>ipso</strong></span> <span class='ocrx_word' id='word_1_178' title='bbox 743 1060 866 1080; x_wconf 89' lang='lat' dir='ltr'><strong>omnem</strong></span> <span class='ocrx_word' id='word_1_179' title='bbox 893 1060 977 1091; x_wconf 89' lang='lat' dir='ltr'><strong>spem</strong></span> <span class='ocrx_word' id='word_1_180' title='bbox 1004 1055 1127 1090; x_wconf 83' lang='lat' dir='ltr'><strong>reponet</strong></span> 
     </span>
     <span class='ocr_line' id='line_1_23' title="bbox 407 1093 487 1122; baseline 0 0"><span class='ocrx_word' id='word_1_181' title='bbox 407 1093 487 1122; x_wconf 81' lang='lat' dir='ltr'><strong>sui.&#39;&#39;</strong></span> 
     </span>
    </p>
   </div>
   <div class='ocr_carea' id='block_1_6' title="bbox 231 1163 1126 1810">
    <p class='ocr_par' dir='ltr' id='par_1_7' title="bbox 234 1163 1126 1248">
     <span class='ocr_line' id='line_1_24' title="bbox 278 1163 1126 1206; baseline 0.001 -13"><span class='ocrx_word' id='word_1_182' title='bbox 278 1163 379 1194; x_wconf 91' lang='lat' dir='ltr'><strong>XIII.</strong></span> <span class='ocrx_word' id='word_1_183' title='bbox 396 1163 446 1194; x_wconf 85' lang='lat' dir='ltr'><strong>Ex</strong></span> <span class='ocrx_word' id='word_1_184' title='bbox 459 1164 516 1194; x_wconf 84' lang='lat' dir='ltr'><strong>hoc</strong></span> <span class='ocrx_word' id='word_1_185' title='bbox 527 1164 620 1204; x_wconf 73' lang='lat' dir='ltr'><strong>igitur</strong></span> <span class='ocrx_word' id='word_1_186' title='bbox 633 1164 769 1195; x_wconf 77' lang='lat' dir='ltr'>Platonis</span> <span class='ocrx_word' id='word_1_187' title='bbox 781 1164 867 1205; x_wconf 84' lang='lat' dir='ltr'>quasi</span> <span class='ocrx_word' id='word_1_188' title='bbox 879 1164 1012 1206; x_wconf 85' lang='lat' dir='ltr'><strong>quodam</strong></span> <span class='ocrx_word' id='word_1_189' title='bbox 1024 1170 1126 1195; x_wconf 82' lang='lat' dir='ltr'><strong>sancto</strong></span> 
     </span>
     <span class='ocr_line' id='line_1_25' title="bbox 234 1208 1024 1248; baseline 0 -11"><span class='ocrx_word' id='word_1_190' title='bbox 234 1214 426 1248; x_wconf 85' lang='lat' dir='ltr'><strong>augustoque</strong></span> <span class='ocrx_word' id='word_1_191' title='bbox 442 1208 524 1237; x_wconf 87' lang='lat' dir='ltr'><strong>fonte</strong></span> <span class='ocrx_word' id='word_1_192' title='bbox 540 1214 641 1238; x_wconf 79' lang='lat' dir='ltr'><strong>nostra</strong></span> <span class='ocrx_word' id='word_1_193' title='bbox 656 1208 755 1238; x_wconf 87' lang='lat' dir='ltr'><strong>omnis</strong></span> <span class='ocrx_word' id='word_1_194' title='bbox 768 1209 906 1238; x_wconf 82' lang='lat' dir='ltr'>manabit</span> <span class='ocrx_word' id='word_1_195' title='bbox 921 1208 1024 1238; x_wconf 82' lang='lat' dir='ltr'><strong>oratio.</strong></span> 
     </span>
    </p>

    <p class='ocr_par' dir='ltr' id='par_1_8' title="bbox 231 1250 1125 1767">
     <span class='ocr_line' id='line_1_26' title="bbox 278 1250 1124 1292; baseline 0.001 -13"><span class='ocrx_word' id='word_1_196' title='bbox 278 1250 369 1280; x_wconf 84' lang='lat' dir='ltr'><strong>Unde</strong></span> <span class='ocrx_word' id='word_1_197' title='bbox 384 1250 476 1290; x_wconf 85' lang='lat' dir='ltr'><strong>igitur</strong></span> <span class='ocrx_word' id='word_1_198' title='bbox 491 1251 599 1282; x_wconf 80' lang='lat' dir='ltr'><strong>rectius</strong></span> <span class='ocrx_word' id='word_1_199' title='bbox 615 1251 706 1281; x_wconf 76' lang='lat' dir='ltr'><strong>ordiri</strong></span> <span class='ocrx_word' id='word_1_200' title='bbox 721 1261 893 1291; x_wconf 71' lang='lat' dir='ltr'><strong>possumus,</strong></span> <span class='ocrx_word' id='word_1_201' title='bbox 907 1261 1000 1292; x_wconf 85' lang='lat' dir='ltr'><strong>quam</strong></span> <span class='ocrx_word' id='word_1_202' title='bbox 1014 1262 1031 1281; x_wconf 79' lang='lat' dir='ltr'>a</span> <span class='ocrx_word' id='word_1_203' title='bbox 1043 1261 1124 1281; x_wconf 88' lang='lat' dir='ltr'><strong>com-</strong></span> 
     </span>
     <span class='ocr_line' id='line_1_27' title="bbox 233 1293 1124 1335; baseline 0.001 -13"><span class='ocrx_word' id='word_1_204' title='bbox 233 1293 321 1323; x_wconf 86' lang='lat' dir='ltr'><strong>muni</strong></span> <span class='ocrx_word' id='word_1_205' title='bbox 343 1300 477 1334; x_wconf 78' lang='lat' dir='ltr'><strong>parente⁷</strong></span> <span class='ocrx_word' id='word_1_206' title='bbox 494 1294 628 1325; x_wconf 62' lang='lat' dir='ltr'><strong>natnrsi?</strong></span> <span class='ocrx_word' id='word_1_207' title='bbox 651 1305 732 1335; x_wconf 68' lang='lat' dir='ltr'><strong>quae,</strong></span> <span class='ocrx_word' id='word_1_208' title='bbox 754 1294 905 1335; x_wconf 87' lang='lat' dir='ltr'><strong>quidquid</strong></span> <span class='ocrx_word' id='word_1_209' title='bbox 925 1294 1041 1334; x_wconf 71' lang='lat' dir='ltr'><strong>genuit,</strong></span> <span class='ocrx_word' id='word_1_210' title='bbox 1063 1304 1124 1324; x_wconf 89' lang='lat' dir='ltr'><strong>non</strong></span> 
     </span>
     <span class='ocr_line' id='line_1_28' title="bbox 233 1336 1122 1378; baseline 0 -12"><span class='ocrx_word' id='word_1_211' title='bbox 233 1336 325 1366; x_wconf 86' lang='lat' dir='ltr'><strong>modo</strong></span> <span class='ocrx_word' id='word_1_212' title='bbox 340 1337 465 1374; x_wconf 69' lang='lat' dir='ltr'><strong>animal,</strong></span> <span class='ocrx_word' id='word_1_213' title='bbox 483 1337 533 1367; x_wconf 82' lang='lat' dir='ltr'><strong>sed</strong></span> <span class='ocrx_word' id='word_1_214' title='bbox 549 1338 640 1367; x_wconf 83' lang='lat' dir='ltr'><strong>etiam</strong></span> <span class='ocrx_word' id='word_1_215' title='bbox 653 1337 735 1378; x_wconf 88' lang='lat' dir='ltr'><strong>quod</strong></span> <span class='ocrx_word' id='word_1_216' title='bbox 746 1338 789 1367; x_wconf 85' lang='lat' dir='ltr'><strong>ita</strong></span> <span class='ocrx_word' id='word_1_217' title='bbox 804 1344 904 1367; x_wconf 87' lang='lat' dir='ltr'><strong>ortum</strong></span> <span class='ocrx_word' id='word_1_218' title='bbox 918 1343 993 1367; x_wconf 78' lang='lat' dir='ltr'><strong>esset</strong></span> <span class='ocrx_word' id='word_1_219' title='bbox 1005 1348 1020 1367; x_wconf 89' lang='lat' dir='ltr'><strong>e</strong></span> <span class='ocrx_word' id='word_1_220' title='bbox 1033 1337 1122 1373; x_wconf 50' lang='lat' dir='ltr'><strong>terra,</strong></span> 
     </span>
     <span class='ocr_line' id='line_1_29' title="bbox 234 1379 1124 1421; baseline 0.001 -12"><span class='ocrx_word' id='word_1_221' title='bbox 234 1385 269 1409; x_wconf 88' lang='lat' dir='ltr'><strong>ut</strong></span> <span class='ocrx_word' id='word_1_222' title='bbox 293 1379 436 1420; x_wconf 82' lang='lat' dir='ltr'>stirpibus</span> <span class='ocrx_word' id='word_1_223' title='bbox 460 1381 521 1410; x_wconf 81' lang='lat' dir='ltr'><strong>suis</strong></span> <span class='ocrx_word' id='word_1_224' title='bbox 545 1381 700 1418; x_wconf 71' lang='lat' dir='ltr'><strong>niteretur,</strong></span> <span class='ocrx_word' id='word_1_225' title='bbox 722 1380 754 1410; x_wconf 91' lang='lat' dir='ltr'><strong>in</strong></span> <span class='ocrx_word' id='word_1_226' title='bbox 778 1391 833 1411; x_wconf 83' lang='lat' dir='ltr'><strong>suo</strong></span> <span class='ocrx_word' id='word_1_227' title='bbox 854 1380 996 1421; x_wconf 87' lang='lat' dir='ltr'><strong>quodque</strong></span> <span class='ocrx_word' id='word_1_228' title='bbox 1016 1390 1124 1420; x_wconf 76' lang='lat' dir='ltr'><strong>genere</strong></span> 
     </span>
     <span class='ocr_line' id='line_1_30' title="bbox 233 1422 1125 1465; baseline 0.001 -13"><span class='ocrx_word' id='word_1_229' title='bbox 233 1422 401 1463; x_wconf 81' lang='lat' dir='ltr'><strong>perfectum</strong></span> <span class='ocrx_word' id='word_1_230' title='bbox 417 1434 478 1453; x_wconf 83' lang='lat' dir='ltr'><strong>esse</strong></span> <span class='ocrx_word' id='word_1_231' title='bbox 492 1424 597 1454; x_wconf 87' lang='lat' dir='ltr'><strong>voluit.</strong></span> <span class='ocrx_word' id='word_1_232' title='bbox 623 1424 732 1465; x_wconf 82' lang='lat' dir='ltr'><strong>Itaque</strong></span> <span class='ocrx_word' id='word_1_233' title='bbox 748 1430 777 1454; x_wconf 89' lang='lat' dir='ltr'><strong>et</strong></span> <span class='ocrx_word' id='word_1_234' title='bbox 798 1425 917 1454; x_wconf 81' lang='lat' dir='ltr'><strong>arbores</strong></span> <span class='ocrx_word' id='word_1_235' title='bbox 938 1430 967 1454; x_wconf 89' lang='lat' dir='ltr'><strong>et</strong></span> <span class='ocrx_word' id='word_1_236' title='bbox 988 1424 1073 1459; x_wconf 74' lang='lat' dir='ltr'><strong>vites,</strong></span> <span class='ocrx_word' id='word_1_237' title='bbox 1096 1429 1125 1453; x_wconf 89' lang='lat' dir='ltr'><strong>et</strong></span> 
     </span>
     <span class='ocr_line' id='line_1_31' title="bbox 234 1466 1124 1507; baseline 0.001 -12"><span class='ocrx_word' id='word_1_238' title='bbox 234 1475 269 1495; x_wconf 84' lang='lat' dir='ltr'><strong>ea</strong></span> <span class='ocrx_word' id='word_1_239' title='bbox 285 1477 353 1506; x_wconf 85' lang='lat' dir='ltr'><strong>quae</strong></span> <span class='ocrx_word' id='word_1_240' title='bbox 365 1472 436 1496; x_wconf 83' lang='lat' dir='ltr'><strong>sunt</strong></span> <span class='ocrx_word' id='word_1_241' title='bbox 448 1467 622 1504; x_wconf 72' lang='lat' dir='ltr'><strong>humiliora,</strong></span> <span class='ocrx_word' id='word_1_242' title='bbox 636 1477 734 1507; x_wconf 84' lang='lat' dir='ltr'><strong>neque</strong></span> <span class='ocrx_word' id='word_1_243' title='bbox 746 1478 776 1498; x_wconf 83' lang='lat' dir='ltr'><strong>se</strong></span> <span class='ocrx_word' id='word_1_244' title='bbox 788 1467 892 1497; x_wconf 78' lang='lat' dir='ltr'><strong>tollere</strong></span> <span class='ocrx_word' id='word_1_245' title='bbox 907 1477 925 1496; x_wconf 90' lang='lat' dir='ltr'>a</span> <span class='ocrx_word' id='word_1_246' title='bbox 940 1467 1017 1497; x_wconf 54' lang='lat' dir='ltr'><strong>terr&amp;</strong></span> <span class='ocrx_word' id='word_1_247' title='bbox 1033 1466 1124 1496; x_wconf 82' lang='lat' dir='ltr'><strong>altius</strong></span> 
     </span>
     <span class='ocr_line' id='line_1_32' title="bbox 232 1510 1123 1550; baseline 0.001 -12"><span class='ocrx_word' id='word_1_248' title='bbox 232 1515 379 1549; x_wconf 75' lang='lat' dir='ltr'><strong>possunt;</strong></span> <span class='ocrx_word' id='word_1_249' title='bbox 405 1510 464 1539; x_wconf 76' lang='lat' dir='ltr'><strong>alia</strong></span> <span class='ocrx_word' id='word_1_250' title='bbox 479 1520 597 1550; x_wconf 84' lang='lat' dir='ltr'><strong>semper</strong></span> <span class='ocrx_word' id='word_1_251' title='bbox 609 1510 716 1547; x_wconf 82' lang='lat' dir='ltr'><strong>virent,</strong></span> <span class='ocrx_word' id='word_1_252' title='bbox 729 1511 799 1547; x_wconf 68' lang='lat' dir='ltr'><strong>alia⁷</strong></span> <span class='ocrx_word' id='word_1_253' title='bbox 810 1510 910 1540; x_wconf 87' lang='lat' dir='ltr'><strong>hieme</strong></span> <span class='ocrx_word' id='word_1_254' title='bbox 919 1510 1044 1545; x_wconf 71' lang='lat' dir='ltr'><strong>nudata,</strong></span> <span class='ocrx_word' id='word_1_255' title='bbox 1058 1520 1123 1539; x_wconf 82' lang='lat' dir='ltr'>vcr-</span> 
     </span>
     <span class='ocr_line' id='line_1_33' title="bbox 233 1553 1122 1594; baseline 0 -13"><span class='ocrx_word' id='word_1_256' title='bbox 233 1561 273 1581; x_wconf 92' lang='lat' dir='ltr'><strong>no</strong></span> <span class='ocrx_word' id='word_1_257' title='bbox 289 1557 424 1592; x_wconf 88' lang='lat' dir='ltr'><strong>tempore</strong></span> <span class='ocrx_word' id='word_1_258' title='bbox 440 1553 585 1593; x_wconf 72' lang='lat' dir='ltr'><strong>tepefacta</strong></span> <span class='ocrx_word' id='word_1_259' title='bbox 600 1553 812 1584; x_wconf 77' lang='lat' dir='ltr'><strong>frondescunt:</strong></span> <span class='ocrx_word' id='word_1_260' title='bbox 837 1563 936 1594; x_wconf 87' lang='lat' dir='ltr'><strong>neque</strong></span> <span class='ocrx_word' id='word_1_261' title='bbox 951 1558 994 1582; x_wconf 85' lang='lat' dir='ltr'><strong>est</strong></span> <span class='ocrx_word' id='word_1_262' title='bbox 1010 1553 1122 1589; x_wconf 83' lang='lat' dir='ltr'><strong>ullum,</strong></span> 
     </span>
     <span class='ocr_line' id='line_1_34' title="bbox 233 1595 1123 1638; baseline 0.001 -14"><span class='ocrx_word' id='word_1_263' title='bbox 233 1595 317 1634; x_wconf 89' lang='lat' dir='ltr'><strong>quod</strong></span> <span class='ocrx_word' id='word_1_264' title='bbox 332 1605 392 1625; x_wconf 88' lang='lat' dir='ltr'><strong>non</strong></span> <span class='ocrx_word' id='word_1_265' title='bbox 408 1595 450 1625; x_wconf 83' lang='lat' dir='ltr'><strong>ita</strong></span> <span class='ocrx_word' id='word_1_266' title='bbox 465 1596 564 1636; x_wconf 77' lang='lat' dir='ltr'><strong>vigeat</strong></span> <span class='ocrx_word' id='word_1_267' title='bbox 579 1596 718 1627; x_wconf 82' lang='lat' dir='ltr'><strong>interiore</strong></span> <span class='ocrx_word' id='word_1_268' title='bbox 739 1597 871 1638; x_wconf 86' lang='lat' dir='ltr'><strong>quodam</strong></span> <span class='ocrx_word' id='word_1_269' title='bbox 892 1602 990 1634; x_wconf 74' lang='lat' dir='ltr'><strong>motu,</strong></span> <span class='ocrx_word' id='word_1_270' title='bbox 1012 1602 1041 1625; x_wconf 81' lang='lat' dir='ltr'><strong>et</strong></span> <span class='ocrx_word' id='word_1_271' title='bbox 1062 1596 1123 1626; x_wconf 83' lang='lat' dir='ltr'><strong>suis</strong></span> 
     </span>
     <span class='ocr_line' id='line_1_35' title="bbox 233 1637 1124 1679; baseline 0.002 -13"><span class='ocrx_word' id='word_1_272' title='bbox 233 1637 264 1666; x_wconf 92' lang='lat' dir='ltr'><strong>in</strong></span> <span class='ocrx_word' id='word_1_273' title='bbox 282 1648 404 1678; x_wconf 87' lang='lat' dir='ltr'><strong>quoque</strong></span> <span class='ocrx_word' id='word_1_274' title='bbox 419 1639 585 1669; x_wconf 82' lang='lat' dir='ltr'><strong>seminibus</strong></span> <span class='ocrx_word' id='word_1_275' title='bbox 597 1639 730 1675; x_wconf 66' lang='lat' dir='ltr'><strong>inclusis„</strong></span> <span class='ocrx_word' id='word_1_276' title='bbox 744 1646 778 1670; x_wconf 83' lang='lat' dir='ltr'><strong>ut</strong></span> <span class='ocrx_word' id='word_1_277' title='bbox 791 1645 843 1669; x_wconf 85' lang='lat' dir='ltr'><strong>aut</strong></span> <span class='ocrx_word' id='word_1_278' title='bbox 859 1639 944 1669; x_wconf 84' lang='lat' dir='ltr'><strong>flores</strong></span> <span class='ocrx_word' id='word_1_279' title='bbox 957 1644 1009 1668; x_wconf 86' lang='lat' dir='ltr'><strong>ant</strong></span> <span class='ocrx_word' id='word_1_280' title='bbox 1022 1639 1124 1679; x_wconf 84' lang='lat' dir='ltr'><strong>fruges</strong></span> 
     </span>
     <span class='ocr_line' id='line_1_36' title="bbox 232 1680 1122 1723; baseline 0.002 -14"><span class='ocrx_word' id='word_1_281' title='bbox 232 1680 352 1718; x_wconf 81' lang='lat' dir='ltr'><strong>fundat,</strong></span> <span class='ocrx_word' id='word_1_282' title='bbox 369 1687 422 1711; x_wconf 83' lang='lat' dir='ltr'><strong>aut</strong></span> <span class='ocrx_word' id='word_1_283' title='bbox 437 1683 541 1712; x_wconf 82' lang='lat' dir='ltr'>baccas</span> <span class='ocrx_word' id='word_1_284' title='bbox 553 1694 561 1717; x_wconf 84' lang='lat'>;</span> <span class='ocrx_word' id='word_1_285' title='bbox 586 1683 749 1723; x_wconf 84' lang='lat' dir='ltr'><strong>omniaque</strong></span> <span class='ocrx_word' id='word_1_286' title='bbox 761 1683 792 1713; x_wconf 87' lang='lat' dir='ltr'><strong>in</strong></span> <span class='ocrx_word' id='word_1_287' title='bbox 805 1683 958 1717; x_wconf 69' lang='lat' dir='ltr'><strong>omnibus,</strong></span> <span class='ocrx_word' id='word_1_288' title='bbox 972 1687 1122 1723; x_wconf 81' lang='lat' dir='ltr'><strong>quantum</strong></span> 
     </span>
     <span class='ocr_line' id='line_1_37' title="bbox 231 1723 1001 1767; baseline 0.003 -14"><span class='ocrx_word' id='word_1_289' title='bbox 231 1723 262 1754; x_wconf 85' lang='lat' dir='ltr'><strong>in</strong></span> <span class='ocrx_word' id='word_1_290' title='bbox 279 1723 350 1764; x_wconf 89' lang='lat' dir='ltr'><strong>ipsis</strong></span> <span class='ocrx_word' id='word_1_291' title='bbox 366 1724 414 1761; x_wconf 74' lang='lat' dir='ltr'><strong>sit,</strong></span> <span class='ocrx_word' id='word_1_292' title='bbox 431 1726 517 1756; x_wconf 55' lang='lat' dir='ltr'><strong>null&amp;</strong></span> <span class='ocrx_word' id='word_1_293' title='bbox 533 1726 562 1755; x_wconf 87' lang='lat' dir='ltr'><strong>vi</strong></span> <span class='ocrx_word' id='word_1_294' title='bbox 578 1726 771 1766; x_wconf 75' lang='lat' dir='ltr'><strong>impediente,</strong></span> <span class='ocrx_word' id='word_1_295' title='bbox 788 1726 919 1767; x_wconf 80' lang='lat' dir='ltr'><strong>perfecta</strong></span> <span class='ocrx_word' id='word_1_296' title='bbox 934 1725 1001 1755; x_wconf 80' lang='lat' dir='ltr'><strong>sint.</strong></span> 
     </span>
    </p>

    <p class='ocr_par' dir='ltr' id='par_1_9' title="bbox 275 1767 1120 1810">
     <span class='ocr_line' id='line_1_38' title="bbox 275 1767 1120 1810; baseline 0.001 -13"><span class='ocrx_word' id='word_1_297' title='bbox 275 1767 407 1798; x_wconf 77' lang='lat' dir='ltr'><strong>Facilius</strong></span> <span class='ocrx_word' id='word_1_298' title='bbox 429 1779 498 1800; x_wconf 86' lang='lat' dir='ltr'><strong>vero</strong></span> <span class='ocrx_word' id='word_1_299' title='bbox 520 1769 611 1800; x_wconf 82' lang='lat' dir='ltr'><strong>etiam</strong></span> <span class='ocrx_word' id='word_1_300' title='bbox 632 1769 663 1798; x_wconf 88' lang='lat' dir='ltr'><strong>in</strong></span> <span class='ocrx_word' id='word_1_301' title='bbox 685 1770 797 1809; x_wconf 79' lang='lat' dir='ltr'><strong>bestiis,</strong></span> <span class='ocrx_word' id='word_1_302' title='bbox 815 1768 896 1810; x_wconf 85' lang='lat' dir='ltr'><strong>quod</strong></span> <span class='ocrx_word' id='word_1_303' title='bbox 916 1769 964 1799; x_wconf 76' lang='lat' dir='ltr'><strong>his</strong></span> <span class='ocrx_word' id='word_1_304' title='bbox 979 1778 1083 1799; x_wconf 84' lang='lat' dir='ltr'><strong>sensus</strong></span> <span class='ocrx_word' id='word_1_305' title='bbox 1104 1779 1120 1798; x_wconf 88' lang='lat' dir='ltr'>a</span> 
     </span>
    </p>
   </div>
  </div>
 </body>
</html>
