1226 1935
273 47 335 79 DE
359 47 558 86 FINIBUS,
582 46 747 78 Lru.111.
772 46 856 79 CAP.
873 48 925 78 21.
1006 45 1048 81 27

155 133 237 173 quod
258 134 290 164 ni
311 134 353 164 ita
373 144 404 165 se
425 134 561 172 haberet,
584 143 638 164 nec
650 133 776 172 justitiae
795 133 878 163 ullus
898 138 974 163 esset
994 141 1050 163 nec

155 176 283 206 bonitati
298 177 390 207 locus.

198 219 240 249 Et
261 230 322 260 quo
344 219 434 250 modo
455 220 616 250 hominum
638 219 716 249 inter
739 219 878 249 homines
896 218 972 258 juris
988 227 1051 248 esse

154 261 275 292 vincula
296 270 415 303 putant,
440 263 481 293 sic
502 263 619 292 homini
635 262 712 292 nihil
724 262 801 301 juris
817 272 879 292 esse
895 271 965 291 cum
981 262 1049 291 bes-

154 304 213 336 tiis.
240 305 386 336 Praeclare
402 306 483 336 enim
500 306 702 346 Chrysippus,
719 311 826 335 caetera
837 310 909 334 nata
921 314 983 334 esse
994 303 1050 333 ho-

153 347 274 377 minum
291 350 381 378 causi»
397 355 426 378 et
442 349 600 383 Deorum;
625 359 674 378 eos
690 354 804 384 autem,
821 346 1049 377 communitatis

153 396 183 420 et
197 391 344 421 societatis
359 402 441 427 suae;
459 398 493 422 ut
508 391 609 421 bestiis
625 391 762 421 homines
778 390 824 421 uti
835 390 873 420 ad
886 389 1049 420 utilitatem

153 443 240 463 suam
266 434 380 474 possint
405 435 469 464 sine
493 434 613 473 injuriis.
647 434 865 473 Quoniamque
886 443 920 463 ea
941 438 1050 462 natura

152 482 228 506 esset
244 476 274 506 h
267 477 386 514 munis,
404 484 438 507 ut
453 477 480 507 ei
495 488 565 507 cum
582 486 690 517 genere
707 477 843 506 humano
859 475 946 524 quasi
962 475 1049 505 civile

149 519 204 568 jus.
224 519 439 556 intercederet;
464 520 517 561 qui
541 520 572 550 id
582 502 794 556 1³conservaret,
817 528 887 549 eum
905 519 1046 557 justum·
1036 540 1047 554 ,

152 561 206 602 qui
225 562 379 602 migraret,
402 563 552 602 injustum
574 563 645 592 fore.
679 562 750 599 Sed,
773 560 1047 603 quemadmodum,

152 604 250 635 theat·
254 615 306 635 um
319 616 389 636 cum
406 616 569 636 commune
584 605 634 642 sit,
651 611 728 635 recte
744 611 846 635 tamen
862 604 921 634 dici
928 609 1047 651 potest,

152 648 217 686 ejus
234 658 296 678 esse
315 659 385 679 eum
406 649 509 680 locum
531 659 623 697 quem
645 648 775 689 quisque
795 646 969 688 occuparit3
994 646 1047 684 sic,

150 689 181 719 in
199 692 273 721 urbe
289 691 441 722 mundove
457 691 624 729 communi,
639 701 698 721 non
711 690 906 721 adversatur
895 700 957 730 Jus,
972 699 1049 730 quo·

150 733 253 763 minus
268 745 360 764 suum
377 735 512 775 quidque
528 735 675 775 cujusque
691 734 738 764 sit.

195 776 276 806 Cum
297 783 401 807 autem
417 777 456 807 ad
472 777 599 807 tuendos
615 776 893 817 conservandosque
908 774 1048 805 homines

150 818 307 849 hominem
332 826 440 850 natum
465 831 527 850 esse
552 819 720 857 videamus,
746 826 982 850 consentaneum
1005 823 1049 848 est

149 861 221 892 huic
237 868 364 900 naturae,
389 870 423 893 ut
444 863 561 904 sapiens
584 862 656 893 velit
675 873 777 903 gerere
792 868 821 892 et
836 861 1048 891 administrare

150 905 392 945 rempublicam,
417 912 519 947 atque,
538 911 572 935 ut
587 916 603 935 e
618 905 728 935 natura
745 905 793 935 viv
795 911 837 941 at,
850 914 976 934 uxorem
994 903 1048 933 ad-

146 947 287 987 jungere,
305 955 334 979 et
350 949 425 979 velle
441 959 479 979 ex
495 960 530 979 ea
546 949 655 978 liberos
671 958 833 989 procreare.
868 947 918 977 Ne
930 957 1048 976 amores

150 990 275 1030 quidem
297 998 413 1022 sanctos
438 1003 456 1021 a
476 991 610 1032 sapiente
633 991 746 1021 alienos
767 1001 830 1021 esse
851 990 1046 1020 arbitrantur.

150 1033 337 1074 Cynicorum
358 1042 460 1065 autem
483 1035 631 1065 rationem
654 1040 745 1074 atque
765 1034 859 1063 vitam
875 1032 927 1063 alii
942 1032 1048 1062 cadere

148 1075 180 1105 in
199 1077 366 1117 sapientem
382 1078 498 1115 dicunt,
516 1078 540 1108 si
555 1077 624 1118 quis
640 1076 790 1116 ejusmodi
806 1077 883 1106 forte
899 1086 984 1106 casus
999 1074 1048 1105 in-

151 1118 268 1157 ciderit,
286 1127 320 1150 ut
336 1121 367 1151 id
382 1120 555 1151 faciendum
571 1120 608 1150 sit
621 1132 628 1150 :
655 1120 717 1157 alii,
735 1120 820 1149 nullo
836 1119 937 1149 modo.

192 1162 287 1193 XXI.
312 1164 357 1194 Ut
373 1174 442 1194 vero
457 1169 649 1194 conservetur
664 1162 763 1193 omnis
779 1161 897 1193 homini
909 1172 980 1202 erga
991 1161 1047 1191 ho-

147 1205 264 1236 minem
280 1207 415 1245 societas,
432 1206 616 1247 conjunctio,
634 1206 761 1240 caritas3
782 1212 811 1236 et
826 1205 1045 1241 emolumenta,

147 1254 177 1278 et
192 1248 383 1287 detrimenta,
398 1253 480 1290 (quae
496 1256 689 1287 ωφεληματα,
702 1255 731 1279 et
746 1247 928 1287 βλαμματα,
941 1247 1046 1288 appel-

146 1290 226 1328 lant)
243 1293 419 1323 communia
434 1303 496 1323 esse
512 1293 694 1328 voluerunt;
720 1301 851 1332 quorum
867 1290 960 1320 altera
975 1300 1045 1331 pro-

147 1341 229 1371 sunt,
244 1342 352 1365 nocent
368 1336 470 1366 altera.
495 1336 526 1366 N
530 1345 562 1365 ec
575 1335 674 1365 solum
687 1345 722 1365 ea
734 1333 920 1371 communia,
939 1343 1046 1363 verum

147 1376 238 1407 etiam
248 1378 344 1419 paria,
355 1389 417 1409 esse
427 1378 578 1409 dixerunt.
592 1377 791 1408 Incommoda
800 1384 914 1413 autem,
923 1381 952 1405 et
962 1386 1046 1406 eom-

146 1419 249 1458 moda,
267 1421 322 1455 (ita
338 1433 570 1461 ευγρηστηματα
587 1427 616 1451 et
633 1421 888 1461 δυσχρηστηματα
909 1419 1044 1459 appello)

147 1464 323 1494 communia
335 1475 398 1494 esse
410 1465 582 1502 voluerunt,
595 1463 681 1504 paria
691 1463 863 1493 noluerunt.
879 1461 939 1492 Illa
948 1462 1043 1499 enim,

147 1515 216 1545 quae
239 1513 367 1547 prosunt
389 1513 442 1537 aut
467 1518 536 1548 quae
563 1512 683 1543 nocent,
709 1512 763 1536 aut
788 1506 869 1535 bona
894 1511 966 1535 sunt
991 1510 1046 1534 aut

146 1549 248 1585 mala3
273 1561 342 1590 quae
358 1550 418 1580 sint
433 1550 517 1598 paria
532 1560 650 1580 necesse
666 1554 729 1579 est:
750 1547 911 1579 commoda
926 1553 1042 1596 autem,

145 1597 199 1621 aut
211 1591 440 1631 incommoda,
432 1603 463 1623 ln
477 1604 511 1624 eo
523 1603 631 1633 genere
648 1598 729 1629 sunt,
747 1602 816 1632 quae
828 1590 999 1632 praeposita,
1013 1596 1044 1620 et

145 1635 266 1673 rejecta,
291 1635 430 1666 dicimus.
464 1636 513 1666 Ea
538 1642 665 1677 possunt
689 1635 774 1676 paria
797 1644 859 1664 non
884 1644 964 1664 esse:
990 1633 1044 1664 sed

146 1677 353 1708 emolumenta
373 1679 548 1709 communia
575 1689 637 1709 esse
657 1678 820 1708 dicuntur:
845 1682 923 1707 recte
938 1681 1045 1706 autem

146 1719 236 1760 facta,
259 1727 289 1752 et
303 1728 438 1764 peccata,
460 1732 522 1754 non
537 1722 690 1753 habentur
704 1720 889 1753 communia.
921 1718 1044 1751 Amici-v
