1226 1935
266 266 327 305 Μ.
355 266 551 308 TULLlI
586 266 914 319 CICERONIS,

552 377 611 400 *DE

140 449 512 501 FINIBUS
567 452 1025 503 BONORUM

368 562 449 604 ET
481 563 801 616 MALORUM‚

562 670 612 693 AD

460 742 707 788 BRUTUM,

361 827 529 859 LIBER
559 829 812 868 QUINTUS.

516 944 665 976 —4—

185 1044 212 1075 Ι.
235 1043 323 1075 CUM
343 1042 524 1074 audivissem
544 1043 748 1081 Antiochum,
771 1044 880 1083 Brute,
901 1050 936 1075 ut
955 1044 1032 1075 sole-

140 1088 203 1125 bat,
220 1098 291 1118 cum
308 1087 356 1117 M.
380 1086 501 1123 Pisone,
523 1087 555 1117 in
577 1098 611 1117 eo
631 1087 802 1128 gymnasio,
825 1087 907 1128 quod
928 1088 1031 1118 Ptole-

140 1140 255 1160 maeum
277 1136 410 1167 vocatur,
428 1130 552 1171 unaque
573 1131 731 1161 nobiscum
755 1132 796 1168 Q.
813 1130 915 1168 frater,
940 1136 970 1161 et
989 1131 1031 1161 Τ.

142 1173 342 1214 Pomponius,
365 1179 395 1203 et
414 1172 452 1203 L.
475 1173 591 1211 Cicero,
613 1174 705 1204 frater
725 1180 835 1212 noster,
855 1174 1033 1215 cognatione

141 1216 296 1257 patruelis,
313 1227 415 1246 amore
430 1227 592 1257 germanus
605 1227 616 1252 ;
646 1216 857 1247 constituimus
871 1217 949 1247 inter
964 1227 1033 1254 nos,

141 1266 176 1289 ut
199 1260 438 1290 ambulationem
465 1259 733 1300 postmeridianam
760 1259 974 1290 conficeremus
999 1260 1032 1291 in

141 1302 323 1339 Academia,
340 1303 474 1332 maxime
490 1303 573 1343 quod
587 1302 612 1332 is
632 1303 716 1333 locus
737 1304 775 1333 ab
791 1303 875 1333 omni
896 1303 986 1333 turba
1001 1304 1034 1334 id

140 1346 285 1386 temporis
301 1356 413 1375 vacuus
428 1352 512 1376 esset.
536 1346 645 1386 Itaque
655 1346 693 1375 ad
709 1352 829 1386 tempus
841 1345 879 1375 ad
890 1346 1033 1377 Pisonem

140 1399 255 1418 omnes.
288 1388 366 1419 Inde
381 1389 462 1418 vario
480 1399 617 1418 semione
632 1399 684 1418 sex
704 1389 758 1418 illa
772 1399 791 1418 a
805 1388 922 1429 Dipylo
938 1390 1035 1420 stadia

142 1432 335 1462 confecimus.
374 1430 455 1461 Cum
476 1438 579 1461 autem
601 1432 785 1462 venissemus
806 1431 837 1461 in
856 1432 1034 1462 Academiae

142 1484 203 1504 non
227 1475 291 1505 sine
315 1474 405 1504 causa
429 1475 588 1504 nobilitata
611 1475 719 1515 spatia,
746 1474 877 1505 solitudo
900 1482 963 1505 erat
985 1486 1032 1513 ea,

141 1527 236 1558 quam
252 1517 453 1548 volueramus.

185 1560 272 1590 Tum
295 1560 378 1597 Piso,
403 1560 564 1591 Naturane
585 1560 672 1591 nobis
692 1560 761 1598 hoc,
786 1560 898 1601 inquit,
925 1560 1033 1592 datum

141 1603 253 1640 dicam,
266 1613 304 1634 an
321 1613 417 1634 errore
432 1603 578 1644 quodam,
594 1610 640 1639 ut,
653 1614 724 1634 cum
739 1614 775 1633 ea
785 1604 852 1634 loca
863 1603 1032 1641 videamus,

142 1647 173 1676 in
189 1647 301 1688 quibus
315 1647 463 1677 memoria
477 1647 584 1687 dignos
594 1646 672 1677 viros
683 1646 886 1687 acceperimus
897 1647 1033 1677 multum

143 1700 206 1721 esse
221 1695 362 1728 versatos,
378 1689 476 1730 magis
490 1699 681 1729 moveamur,
697 1700 792 1731 quam
812 1689 962 1731 siquando
984 1700 1035 1720 eo-
