1226 1935
248 99 370 131 TUSC.
388 99 561 139 QUAEST.
580 99 658 130 Lm.
676 99 717 131 V.
735 100 818 131 CM».
836 101 866 130 8.
945 102 1008 132 259

113 191 287 224 contentus,
303 186 465 228 praemium
480 185 637 238 proposuit
652 186 690 224 ei,
707 186 761 227 qui
779 185 940 217 invenisset
955 196 1010 217 no-

118 239 189 260 vam
210 229 406 270 voluptatem.
431 229 504 267 Qua
528 229 595 270 ipsa
614 239 675 259 non
699 229 805 259 fuisset
828 235 1006 260 contentus.

118 282 217 313 neque
233 272 313 303 enim
331 282 467 313 unquam
479 272 589 303 finem'
582 272 714 303 mveniet
727 272 831 302 libido.
856 272 934 309 Nos,
947 273 1010 303 vel-

118 315 192 352 lem,
210 315 335 356 praemio
351 316 455 346 elicere
475 325 641 356 possemus,
659 315 712 356 qui
730 315 816 346 nobis
832 314 948 356 aliquid
963 321 1009 346 at-

119 357 247 395 tulisset,
264 369 325 399 quo
341 359 396 389 hoc
412 358 528 389 firmius
544 358 740 389 crederemus.

164 401 263 431 VIII.
288 402 434 431 Auditor.
462 402 583 432 Vellem
608 401 640 432 id
666 401 810 442 quidem:
836 401 887 432 sed
911 401 1009 432 habeo

119 444 294 485 paululum,
311 445 393 485 quod
408 445 570 486 requiram.
602 444 672 485 Ego
687 445 768 475 enim
788 445 943 482 assentior,
961 455 1010 475 eo-

119 498 189 517 rum
213 499 281 528 quae
303 488 440 528 posuisti,
463 488 592 518 alterum
615 488 701 518 alteri
723 498 909 529 consequens
935 498 1009 525 esse,

120 536 167 568 ut,
184 531 455 571 quemadmodum,
473 531 498 561 si
518 531 599 572 quod
614 531 775 561 honestum
798 531 846 568 sit,
864 531 895 560 id
910 531 1010 560 solum

120 573 159 604 sit
174 575 302 612 bonum,
325 580 477 615 sequatur,
494 574 588 604 vitam
608 575 729 604 beatam
749 574 860 604 virtute
880 573 1008 609 confici;

121 616 174 653 sic,
192 617 216 646 si
232 617 293 647 vita
308 618 395 647 beata
415 617 447 647 in
463 617 573 647 virtute
589 617 637 655 sit,
655 617 729 647 nihil
747 628 820 653 esse,
842 617 900 647 nisi
915 617 1011 647 virtu-

121 665 195 697 tem,
220 661 346 690 bonum.
379 660 439 690 Sed
462 660 579 691 Brutus
603 666 685 697 tuus,
708 667 827 690 auctore
853 660 959 690 Aristo
983 666 1013 690 et

122 703 289 739 Antiocho,
315 713 375 733 non
391 703 481 733 sentit
495 703 573 734 hoc:
598 709 686 744 putat
705 704 798 741 enim,
816 703 907 733 etiam
928 703 953 733 si
974 703 1012 733 sit

122 747 239 776 bonum
254 746 378 787 aliquod
393 752 501 787 praeter
516 747 668 777 virtutem.
695 747 830 777 Marcus.
853 746 939 784 Quid
955 746 1012 786 igi-

122 795 173 819 tur
184 791 198 820 ?
222 796 325 820 contra
340 790 515 820 Brutumne
535 800 584 820 me
600 790 753 820 dicturum
769 796 858 830 putas
872 791 886 820 :³
910 790 1013 819 Andi-

123 836 181 862 tor.
209 832 261 864 Tu
288 843 368 871 vero,
397 839 432 864 ut
455 832 589 864 videtur:
615 843 687 863 nam
711 833 861 874 praefinire
886 842 947 863 non
970 838 1014 863 est

123 885 239 906 meum.

169 920 306 950 Marcus.
336 919 422 958 Quid
448 919 557 961 cuique
582 920 676 961 igitur
701 925 936 951 consentaneum
963 919 1012 956 sit,

125 963 185 993 alio
199 963 274 993 loco
309 963 393 993 Nam
414 963 471 993 ista
484 964 562 994 mihi
577 971 606 994 et
621 974 691 994 eum
707 963 862 994 Antiocho
878 973 967 1003 saepe,
984 969 1014 992 et

125 1016 196 1036 cum
219 1005 356 1048 [Aristo]
374 1016 482 1047 nuper,
504 1017 573 1037 cum
595 1007 727 1037 Athenis
748 1007 910 1055 imperator
931 1005 1015 1046 apud

125 1059 197 1079 eum
213 1049 386 1087 diversarer,
403 1050 546 1080 dissensio
561 1050 628 1080 fuit.
659 1049 743 1079 Mihi
758 1050 840 1080 enim
855 1059 917 1079 non
932 1049 1015 1079 vide-

126 1093 216 1122 batur
242 1093 404 1142 quisquam
431 1103 493 1124 esse
519 1095 624 1123 beatus
650 1103 747 1133 posse,
775 1103 846 1123 cum
870 1092 901 1122 in
926 1091 1016 1122 malis

125 1142 224 1172 esset;
248 1136 279 1166 in
294 1136 383 1166 malis
395 1142 498 1167 autem
514 1136 680 1177 sapientem
696 1146 758 1166 esse
772 1146 869 1177 posse,
883 1135 907 1165 si
919 1141 1018 1165 essent

126 1178 191 1208 ulla
214 1180 344 1220 corporis
370 1186 424 1210 aut
448 1179 578 1210 fortunae
601 1180 691 1209 mala.
726 1178 915 1209 Dicebantur
940 1178 1017 1215 haec,

124 1232 196 1263 quae
211 1223 328 1264 scripsit
343 1223 434 1253 etiam
454 1223 628 1253 Antiochus
646 1223 719 1253 locis
737 1222 897 1263 pluribus:
922 1221 1018 1251 virtu-

127 1270 189 1295 tem
205 1266 303 1307 ipsam
319 1276 371 1307 per
387 1276 417 1296 se
432 1268 552 1296 beatam
568 1266 662 1296 vitam
679 1265 793 1296 efficere
808 1275 904 1306 posse,
918 1274 1018 1305 neque

127 1314 230 1339 tamen
246 1309 449 1339 beatissimam
464 1320 471 1339 z
497 1309 605 1339 deinde
621 1320 658 1339 ex
673 1310 790 1348 majore
804 1314 889 1349 parte
904 1308 1018 1348 pleras-

128 1362 188 1393 que
203 1362 249 1382 res
264 1353 424 1389 nominari,
442 1353 532 1383 etiam
549 1352 573 1382 si
588 1363 650 1393 qua
664 1363 733 1393 pars
745 1353 870 1388 abesset,
883 1357 918 1381 ut
930 1351 1018 1388 vires,

128 1402 163 1426 ut
179 1395 394 1433 valetudinem,
408 1402 443 1425 ut
457 1396 587 1432 divitias,
599 1401 633 1425 ut
648 1395 806 1431 honorem,
817 1401 852 1424 ut
866 1394 994 1435 gloriam
1006 1404 1016 1429 ;

129 1449 198 1479 quae
213 1449 332 1478 genere,
349 1449 409 1469 non
425 1449 563 1477 numero,
580 1445 789 1469 cernerentur:
815 1438 887 1467 item
900 1438 1021 1467 beatam

129 1481 236 1519 vitam,
253 1482 344 1512 etiam
360 1482 384 1512 si
400 1493 436 1512 ex
457 1482 562 1523 aliqua.
581 1488 665 1523 parte
681 1481 842 1518 clauderet,
862 1487 964 1510 tamen
981 1489 1019 1509 ex

130 1525 230 1555 multo
244 1526 359 1564 majore
373 1533 458 1566 parte
473 1525 607 1556 obtinere
619 1535 730 1555 nomen
747 1534 846 1554 suum.

175 1567 252 1598 Haec
272 1578 354 1599 nunc
375 1569 529 1599 enucleare
549 1578 609 1598 non
631 1568 673 1598 ita
688 1578 805 1597 necesse
821 1572 885 1601 θεῖς
910 1575 1020 1606 quarn-

131 1621 225 1653 quam
246 1621 306 1641 non
322 1612 560 1642 constantissime
580 1611 638 1641 dici
659 1610 736 1640 mihi
752 1610 901 1640 videntur.
936 1609 1021 1638 Nam

132 1659 173 1691 et,
190 1654 244 1694 qui
259 1655 364 1685 beatus
379 1661 433 1691 est,
447 1665 508 1685 non
523 1655 671 1694 intelligo,
684 1653 759 1694 quid
774 1653 917 1693 requirat,
932 1657 966 1681 ut
982 1651 1021 1681 sit

131 1697 246 1727 beatior
269 1697 307 1731 (si
331 1704 374 1727 est
394 1698 475 1728 enim
495 1697 577 1739 quod
598 1697 685 1734 desit,
709 1707 747 1726 ne
770 1697 876 1726 beatus
896 1694 1022 1735 quidem

132 1746 213 1776 eso:
239 1746 278 1777 et,
295 1740 378 1781 quod
393 1751 431 1770 ex
446 1742 561 1781 majore
580 1747 665 1781 parte
686 1748 936 1780 unamquamque
957 1747 1021 1767 rem

131 1763 278 1824 appellari
301 1784 488 1825 spectarique
511 1783 628 1823 dicunt,
650 1790 705 1822 est,
727 1782 781 1814 ubi
801 1782 833 1812 id
853 1781 911 1812 isto
931 1780 1022 1811 modo
