1180 1935
130 103 193 136 428
236 102 299 136 DE
314 103 423 136 NAT.
443 103 579 137 DEOR.
596 105 674 137 Lm.
691 104 757 137 111.
773 105 856 137 CM».
872 106 925 137 32.

130 189 255 228 tionem,
271 201 341 232 quae
352 191 425 223 vitia
436 191 618 233 culpamque
629 192 808 223 excluderet.
847 191 911 223 Ubi
922 191 1017 232 igitur

128 233 215 263 locus
226 233 285 263 fuit
296 234 388 264 errori
400 234 536 265 Deorum
548 237 561 265 ?
584 245 656 265 nam
667 234 859 276 patrimonia,
876 245 927 275 spe
938 236 1016 265 bene

132 275 282 314 tradendi,
305 277 524 317 relinquimus3
549 278 611 318 qua
635 288 794 319 possumus
820 278 904 307 falli:
929 277 1016 307 Deus

131 317 197 347 falli
218 320 272 359 qui
292 320 416 359 potuit?
439 321 493 350 An
508 326 543 350 ut
557 321 620 357 Sol,
643 321 675 350 in
691 331 812 350 currum
827 330 897 350 cum
916 320 1017 350 Phae*-

132 360 270 391 thontem
284 362 383 392 filium
399 363 545 393 sustulit?
568 369 621 393 aut
642 364 816 403 Neptunus,
840 373 911 393 cum
931 363 1016 392 The-

133 413 200 433 seus
222 404 427 445 Hippolytum
447 406 587 445 perdidit,
611 416 680 435 cum
696 411 740 435 ter
754 405 878 446 optandi
896 416 914 435 a
929 405 961 435 N
964 416 1017 445 ep-

133 451 209 476 tuno
233 453 318 487 patre
342 448 496 478 habuisset
520 450 722 488 potestatem?
771 449 935 478 Poetarum
960 448 1018 478 ista

133 495 224 518 sunt:
253 499 307 520 nos
331 497 433 520 autem
457 490 628 531 philosophi
652 501 714 521 esse
738 490 891 527 volumus,
914 500 1016 520 rerum

133 537 281 569 auctores,
304 542 364 562 non
384 533 566 562 fabularum.
598 533 704 573 Atque
724 533 746 563 ii
766 539 867 563 tamen
885 532 943 573 ipsi
963 532 1018 562 Dii

132 574 251 614 poetici,
275 574 300 604 si
319 576 442 605 scissent
461 575 624 615 perniciosa
639 576 702 606 fore
716 575 768 605 illa
783 576 863 613 filiis,
879 575 1016 616 peccasse

135 616 167 646 in
183 617 327 648 beneficio
342 624 529 658 putarentur.

176 659 231 698 Et,
253 660 278 690 si
295 671 398 690 verum
419 667 473 697 est,
490 661 571 701 quod
591 661 695 692 Aristo
714 661 809 691 Chius
824 660 919 691 dicere
943 661 1019 691 sole-

133 703 198 740 bat,
226 713 331 733 nocere
357 703 547 734 audientibus
573 705 765 745 philosophos
788 704 836 743 iis,
865 704 919 745 qui
942 705 1019 734 bene

133 745 214 775 dicta
236 746 317 775 male
340 746 624 787 interpretarentur;
649 758 734 787 posse
755 747 835 777 enim
860 752 956 776 asotos
980 757 1018 777 ex

133 788 297 829 Aristippi,
320 791 440 819 acerbos
460 800 476 819 e
491 790 621 820 Zenonis
641 790 742 820 scholii
763 790 863 826 exire;
885 800 1018 830 prorsus,

132 830 169 868 si,
193 832 247 871 qui
261 831 431 869 audierunt,
448 832 546 862 vitiosi
561 839 657 863 essent
671 833 837 870 discessuri,
855 832 936 873 quod
951 842 1019 873 per-

133 884 218 904 verse
228 874 475 915 philosophorum
488 875 721 916 disputationem
733 876 1017 915 interpretarentur3

134 921 231 947 tacere
251 922 404 957 praestaret
418 918 614 958 philosophis,
631 929 723 959 quam
739 918 785 956 iis,
802 918 855 958 qui
871 928 901 948 se
916 917 1019 947 audis-

134 965 212 996 sent,
228 969 342 990 nocere.
367 960 427 997 Sic,
440 960 465 990 si
478 960 615 991 homines
627 961 784 998 rationem,
801 962 879 991 bono
895 960 1018 990 consilio

133 1013 152 1032 a
168 1001 236 1032 Diis
251 1002 473 1033 immortalibus
484 1003 598 1041 datam,
613 1004 645 1033 in
660 1004 797 1034 fraudem
809 1003 1019 1043 malitiamque

133 1051 332 1082 convertunt;
356 1055 416 1076 non
431 1046 496 1076 dari
510 1046 606 1084 illam,
619 1057 712 1087 quam
728 1047 804 1084 dari,
817 1047 951 1076 humano
966 1056 1017 1085 ge-

132 1088 198 1118 neri
220 1088 329 1118 melius
343 1088 411 1119 fuit.
451 1090 506 1127 Ut,
530 1089 554 1119 si
575 1090 708 1120 medicus
723 1090 806 1126 sciat,
831 1099 902 1119 eum
922 1098 1017 1128 aegro-

133 1135 214 1169 tum,
238 1131 291 1171 qui
303 1132 405 1170 jussus
419 1131 457 1162 sit
472 1133 577 1162 vinum
593 1143 721 1169 sumere,
738 1132 884 1162 meracius
900 1137 1019 1161 sumtu-

133 1183 215 1210 rum,
232 1174 394 1214 statimque
409 1175 598 1215 periturum;
622 1175 734 1215 magna
750 1175 787 1205 sit
802 1175 833 1204 in
848 1174 959 1214 culpa;
977 1173 1018 1203 sic

131 1222 230 1247 vestra
244 1216 301 1247 ista
313 1217 506 1249 Providentia
520 1217 774 1258 reprehendenda..
791 1228 860 1258 quae
872 1217 1018 1247 rationem

133 1259 248 1289 dederit
258 1259 306 1298 iis,
323 1270 399 1300 quos
411 1260 509 1290 scierit
521 1261 555 1291 ea
567 1271 702 1301 perverse
715 1266 743 1290 et
754 1261 890 1301 improbe
902 1269 1018 1289 usuros.

134 1302 206 1332 Nisi
226 1302 301 1332 forte
326 1303 434 1339 dicitis,
457 1314 523 1333 eam
548 1304 684 1333 nescisse.
720 1304 847 1333 Utinam
872 1301 1017 1343 quidem!

134 1345 195 1375 Sed
218 1355 279 1375 non
299 1346 456 1376 audebitis.
489 1347 562 1376 Non
584 1346 666 1377 enim
686 1346 802 1387 ignoro,
824 1345 931 1387 quanti
955 1346 1019 1384 ejus

132 1397 244 1418 nomen
259 1389 379 1428 putetis.

176 1431 325 1461 XXXII.
349 1431 408 1462 Sed
428 1432 477 1462 hic
498 1432 622 1473 quidem
637 1433 720 1463 locus
735 1431 873 1463 concludi
885 1432 951 1470 jam
965 1442 1020 1472 po-

134 1479 201 1504 test.
226 1475 309 1504 Nam
326 1474 349 1504 si
365 1474 502 1512 stultitia,
515 1485 660 1505 consensu
676 1476 814 1505 omnium
826 1475 1020 1515 philosopho-

133 1527 215 1553 rum,
232 1518 331 1555 majus
347 1524 390 1548 est
404 1518 533 1554 malum,
550 1529 642 1559 quam
659 1519 683 1551 si
698 1518 801 1549 omnia
815 1518 896 1547 mala
917 1523 945 1547 et
960 1517 1020 1546 for-

132 1565 215 1590 tunae
227 1567 255 1591 et
266 1561 395 1600 corporis
410 1571 447 1591 ex
459 1561 551 1591 altera
563 1567 646 1601 parte
657 1567 808 1602 ponantur
819 1572 828 1596 τ,
842 1559 1019 1600 sapientiam

133 1608 235 1633 autem
250 1613 340 1632 nemo
355 1604 542 1644 assequitur-3
566 1604 597 1633 in
614 1604 741 1634 summis
755 1604 843 1634 malis
855 1613 958 1633 omnes
970 1613 1020 1632 su-

132 1655 212 1683 mus,
237 1646 347 1686 quibus
363 1657 414 1676 vos
429 1647 542 1687 optime
557 1648 728 1677 consultum
745 1658 763 1676 a
778 1646 847 1676 Diis
862 1646 1020 1675 immorta-

132 1689 212 1719 libus
235 1688 342 1719 dicitis.
376 1690 470 1727 Nam,
497 1696 530 1719 ut
551 1690 626 1719 nihil
650 1690 781 1727 interest,
803 1695 906 1719 utrum
930 1698 1020 1718 nemo

132 1732 240 1768 valeat,
270 1742 309 1761 an
332 1742 420 1762 nemo
444 1733 536 1773 possit
560 1734 676 1768 valere;
707 1733 759 1769 sic,
784 1742 845 1762 non
870 1731 1017 1770 intelligo,

132 1775 207 1816 quid
222 1775 348 1815 intersit,
374 1781 476 1807 utrum
489 1786 578 1807 nemo
594 1777 631 1808 sit
647 1776 774 1818 sapiens,
799 1785 837 1807 an
852 1785 941 1806 nemo
957 1783 1018 1804 esse
