1226 1935
172 60 232 90 198
276 58 399 90 TUSC.
416 59 590 97 QUAEST.
608 60 686 90 Inn-
704 60 771 91 ΙΙΙ.
795 60 879 91 ΟΑΡ.
900 62 946 91 18.

172 144 197 175 si
221 155 351 181 revocas,
376 145 519 186 Epicure,
548 157 638 187 pareo
651 158 660 183 ς
692 157 819 188 sequor;
848 153 918 177 utor
944 153 973 178 te
998 148 1064 189 ipso

173 188 269 223 duce;
287 189 445 219 obliviscor
460 190 551 220 etiam
566 191 729 226 malorum,
746 197 781 220 ut
793 191 892 229 jubes,
910 201 1004 231 eoque
1020 191 1065 220 fa-

174 231 272 268 cilius,
297 232 378 271 quod
394 242 428 261 ea
443 242 480 262 ne
495 233 527 262 in
542 233 631 263 malis
652 233 776 274 quidem
797 233 936 274 ponenda
951 244 1065 264 censeo.

176 273 236 304 Sed
252 274 382 304 traducis
394 276 587 315 cogitationes
599 286 681 306 meas
693 277 731 306 ad
744 277 920 317 voluptates.
954 277 1040 314 Quas
1052 278 1066 306 Ρ

177 317 329 357 Corporis,
343 318 457 355 (credo)
474 325 527 349 aut
544 330 623 360 quae,
637 326 759 360 propter
774 330 892 360 corpus,
910 320 957 349 vel
972 330 1068 349 recor-

178 360 298 390 datione
325 361 372 390 vel
398 372 450 402 spe
476 362 653 402 cogitentur.
698 363 862 403 Numquid
889 369 932 392 est
958 363 1042 392 aliud
1054 364 1068 392 Ρ

180 403 312 433 Rectene
333 403 512 445 interpretor
534 406 713 435 sententiani
734 408 844 436 tuam?
869 406 973 435 Solent
988 406 1069 435 enim

179 446 228 475 isti
241 456 354 488 negare¹
365 457 418 477 nos
431 448 608 488 intelligere,
625 448 699 489 quid
712 448 791 478 dicat
802 448 964 488 Epicurus.
1000 449 1070 479 Hoc

179 488 270 519 dicit:
296 496 324 519 et
339 490 395 519 hoc
407 491 458 520 ille
469 491 628 527 acriculus,
645 501 695 521 me
710 491 861 528 audiente,
878 491 1010 521 Athenis
1026 502 1071 521 se-

178 541 239 562 nex
252 532 346 569 Zeno,
360 533 487 563 istorum
500 534 700 571 acutissimus,
714 534 902 571 contendere,
916 541 945 563 et
959 535 1073 574 magna

180 585 251 604 voce
267 575 362 605 dicere
378 577 510 606 solebat:
536 587 606 606 eum
622 587 683 606 csse
698 578 833 613 beatum,
850 577 903 617 qui
918 578 1072 617 praesenti-

181 618 238 649 bus
260 618 465 658 voluptatibus
485 619 646 656 frueretur,
670 619 892 660 confideretque
913 630 942 650 se
963 620 1073 650 fruitu-

179 671 249 691 rum
271 667 323 692 aut
345 661 376 691 in
397 662 481 691 omni
503 669 556 692 aut
577 663 608 692 in
629 663 742 703 magna
757 669 842 703 parte
863 663 942 700 vitae,
970 663 1073 693 dolore

183 713 244 739 non
269 704 502 735 interveniente:
528 712 591 743 aut,
616 706 640 735 si
663 706 866 743 interveniret,
892 706 916 736 si
936 716 1075 736 summus

182 746 270 783 foret,
294 747 435 778 futurum
451 750 593 784 brevemg
618 749 643 778 si
658 749 841 789 productior,
863 750 932 790 plus
952 749 1074 779 habitu-

182 800 252 819 rum
262 791 402 829 jucundi,
419 802 513 831 quam
529 792 622 822 mali:
647 792 712 822 haec
728 793 909 832 cogitantem
925 792 987 822 fore
1003 794 1074 822 bea-

182 839 261 870 tum,
285 834 451 874 praesertim
473 835 497 864 si
516 841 545 865 et
565 841 634 865 ante
654 835 801 876 perceptis
816 836 902 865 bonis
917 842 1076 866 contentus

184 882 270 913 esset,
288 887 342 906 nec
357 884 487 907 mortem
503 888 557 908 nec
573 878 655 908 Deos
671 878 884 908 extimesceret.

227 919 359 950 XVIII.
375 920 478 950 Habes
494 921 624 951 formam
637 921 763 962 Epicuri
779 922 847 951 vitae
858 922 964 958 beatae,
978 921 1076 952 verbis

184 962 316 993 Zenonis
344 974 527 1003 expressam,
555 964 632 994 nihil
659 971 693 994 ut
719 965 813 1005 possit
839 964 951 1005 negari.
990 965 1077 1002 Quid

184 1016 254 1046 ergo
265 1007 278 1036 ‚9
295 1006 426 1045 hujusne
438 1007 506 1037 vitae
521 1007 684 1047 propositio
700 1014 729 1037 et
741 1007 880 1047 cogitatio
893 1014 945 1037 aut
957 1007 1076 1048 Thyes-

185 1054 235 1078 ten
259 1049 358 1079 levare
382 1050 501 1089 poterit,
526 1056 579 1080 aut
595 1051 730 1087 AEetam,
747 1050 785 1080 de
807 1060 868 1091 quo
892 1051 984 1091 paulo
1008 1057 1078 1081 ante

183 1091 259 1127 dixi,
283 1098 336 1121 aut
360 1092 573 1130 Telamonem,
598 1093 722 1133 pulsum
743 1093 852 1134 patria,
875 1094 1077 1131 exsulantem,

183 1140 276 1175 atque
291 1141 429 1175 egentem
444 1137 457 1166 ?
481 1135 511 1165 in
529 1146 589 1176 quo
605 1136 668 1166 haee
684 1136 843 1166 admiratio
860 1135 969 1166 fiebat:

227 1196 251 1212 ‘⁶
268 1195 397 1225 Hiccine
419 1201 462 1225 est
477 1194 608 1225 Telamo
628 1195 691 1233 ille,
713 1195 805 1225 modo
820 1205 913 1235 quem
928 1195 1024 1235 gloria
1039 1194 1078 1225 ad

316 1238 425 1267 coelum
442 1238 550 1267 extulit
562 1240 576 1268 Ρ

227 1281 332 1319 Quem
343 1281 579 1321 adspectabant3
598 1281 686 1320 cujus
702 1282 740 1311 ob
755 1291 788 1311 os
805 1280 891 1310 Graii
906 1291 958 1311 ora
974 1281 1080 1312 obver-

322 1325 425 1354 tebant
440 1324 527 1354 sua.”

228 1394 323 1432 Quod.
344 1395 369 1425 si
389 1395 437 1425 cui
458 1397 507 1429 (ut
527 1395 568 1425 ait
588 1395 684 1433 idem)
706 1395 797 1426 simul
818 1395 939 1425 animus
959 1406 1029 1426 cum
1050 1407 1083 1427 re

186 1437 327 1475 concidit,
340 1448 359 1467 a
369 1438 511 1478 gravibus
526 1438 585 1468 illis
601 1439 734 1479 antiquis
749 1438 937 1479 philosophis
952 1440 1082 1479 petenda

187 1480 337 1510 medicina
357 1487 411 1518 est,
440 1491 500 1511 non
521 1483 559 1512 ab
579 1482 626 1512 his
646 1482 832 1522 voluptariis.
871 1482 976 1519 Quam
1001 1482 1081 1512 enim

188 1523 237 1554 isti
258 1525 407 1554 bonorum
429 1525 546 1565 copiam
572 1525 701 1555 dicunt?
734 1525 796 1554 Fac
820 1534 891 1554 sane
915 1535 977 1555 esse
999 1536 1083 1555 sum-

189 1577 277 1596 mum
293 1568 419 1605 bonum,
437 1577 496 1597 non
510 1568 628 1598 dolere:
655 1571 857 1608 (quamquam
873 1567 903 1597 id
920 1577 980 1597 non
997 1579 1083 1599 voca.

188 1616 239 1639 tur
260 1610 398 1650 voluptas
412 1622 419 1640 ε
445 1611 496 1641 sed
512 1621 572 1640 non
588 1621 705 1641 necesse
721 1617 763 1641 est
779 1621 861 1641 nunc
876 1611 991 1647 omnia)
1012 1612 1084 1642 idne

189 1659 245 1689 est,
269 1663 330 1693 quo
354 1653 482 1683 traducti
503 1655 621 1684 luctum
645 1655 806 1684 levemus?
839 1654 885 1684 Sit
908 1664 978 1683 sane
1001 1665 1084 1684 suni-

190 1706 278 1725 mum
300 1697 430 1734 malum,
453 1697 563 1727 dolere.
596 1698 633 1728 In
656 1707 691 1728 eo
711 1697 804 1738 igitur
825 1697 878 1738 qui
899 1706 959 1727 non
982 1704 1035 1732 est,
1058 1699 1082 1728 si

191 1739 273 1772 malo
285 1745 393 1779 careat,
411 1741 592 1772 continuone
608 1740 719 1772 fruitur
735 1750 855 1772 summo
866 1741 946 1771 bono
959 1742 972 1770 Ρ
997 1741 1082 1779 Quid
