1226 1935
258 58 320 90 DE
344 57 451 90 NA'r.
472 56 609 89 DEOR.
636 57 716 89 Lm.
736 58 763 88 Ι.
787 57 872 89 CAP.
889 58 918 88 2.
975 58 1037 90 295

148 156 210 178 esse
229 145 355 176 omnino
379 144 528 185 Diagoras
552 143 668 175 Melius
689 150 719 174 et
743 143 925 175 Theodorus
947 143 1046 185 Cyre·

148 189 253 219 na'icus
276 193 470 229 putaverunt.
508 187 575 225 Qui
599 197 668 218 vero
692 187 775 218 Deos
800 197 863 218 esse
886 187 1043 225 dixerunt,

148 231 233 261 tanta
247 237 318 261 sunt
333 231 364 261 in
381 230 523 261 varietate
538 241 573 261 ac
587 230 783 268 dissensione,
807 235 842 260 ut
857 240 962 260 eorum
978 240 1048 260 mo-

149 275 260 305 lestum
278 274 317 304 sit
331 274 524 304 dinumerare
544 273 716 304 sententias.
742 273 826 303 Nam
843 278 872 303 et
887 273 924 303 tle
940 272 1046 312 figuris

152 316 302 354 Deorum,
326 322 356 347 et
376 317 414 347 de
428 316 501 347 locis
521 322 613 357 atque
634 316 765 353 sedibus,
788 322 818 346 et
832 316 949 346 actione
964 316 1047 353 vitae,

151 360 251 391 multa
274 360 437 395 dicuntur3
462 359 560 400 deque
584 359 631 390 his
653 359 775 389 summa
794 358 1048 399 philosophorum

152 403 336 434 dissensione
358 408 498 433 certatur.
529 402 623 440 Quod
644 412 714 432 vero
734 402 871 432 maxime
890 411 955 431 rem
977 411 1050 431 cau-

153 456 280 487 samque
292 446 436 483 continet,
449 451 554 476 utrum
570 445 649 475 nihil
663 450 767 485 agant,
781 444 858 474 nihil
870 444 1048 481 moliantur,

153 489 239 520 omni
259 489 414 519 curatione
430 495 459 519 et
474 488 736 518 administratione
751 497 853 518 rerum
869 492 986 524 vacent,
1010 497 1051 517 an

155 538 259 563 contra
273 533 312 562 ab
328 532 375 562 his
391 537 420 562 et
434 542 452 561 a
467 531 615 572 principio
631 532 735 562 onmia
749 531 829 562 facta
843 536 873 561 et
887 530 1053 561 cons-tituta

155 575 227 612 sint,
244 581 274 605 et
289 575 328 605 ad
339 575 495 605 infinitum
512 580 633 615 tempus
648 580 792 615 regantur
804 580 895 615 atque
907 583 1052 604 movean-

155 624 217 655 tur,
241 618 394 659 imprimis
418 628 531 658 magna
554 618 700 648 dissensio
723 623 786 648 est:
811 627 907 658 eaque
928 616 986 646 nisi
1005 615 1055 647 di-

154 661 318 701 judicetur,
342 661 375 691 in
390 671 512 691 summo
533 671 631 691 errore
646 671 765 691 necesse
780 666 824 691 est
840 659 991 699 homines,
1008 664 1054 689 at-

156 715 217 745 que
231 704 263 734 in
279 704 486 734 maximarum
501 714 603 734 rerum
619 704 818 744 ignoratione,
836 703 956 733 versari.

200 747 247 777 ΙΙ.
271 748 351 778 Sunt
366 748 447 778 enim
459 747 643 788 philosophi,
662 752 691 777 et
706 747 841 784 fuerunt,
858 746 912 786 qui
928 744 1055 776 omnino

157 791 276 821 nullam
296 791 408 825 habere
428 796 583 820 censerent
602 790 811 820 humanarum
826 799 928 819 rerum
943 799 1054 829 procu-

157 834 306 864 rationem
327 833 420 864 Deos.
444 833 588 871 Quorum
609 833 634 863 si
654 843 725 863 vera
740 832 888 863 sententia
908 838 963 869 est,
985 842 1056 872 quae

158 883 257 918 potest
272 887 334 907 esse
348 877 468 917 pietas?
486 887 555 917 quae
567 875 733 906 sanctitas?
750 886 819 916 quae
830 874 960 915 religio?
978 874 1058 905 Haec

161 920 244 951 enim
259 920 363 950 omnia
377 930 453 960 pure
469 930 503 949 ac
515 924 593 949 caste
608 919 770 949 tribuenda
781 918 921 948 Deorum
936 918 1058 948 numini

160 964 204 994 ita
219 968 301 1000 sunt,
318 963 342 993 si
358 962 643 994 animadvertuntur
663 963 701 992 ab
716 962 776 999 his,
798 967 827 991 et
843 961 867 991 si
883 966 926 991 est
941 960 1059 1002 aliquid

161 1017 180 1037 a
192 1006 262 1036 Diis
277 1006 502 1036 immortalibus
516 1005 679 1035 hominum
691 1004 795 1045 generi
810 1004 970 1035 tributum.
1003 1004 1059 1035 Sin

163 1056 267 1080 autem
283 1049 338 1079 Dii
354 1059 452 1089 neque
470 1054 597 1089 possunt
612 1058 666 1078 nos
679 1049 798 1087 juvare,
814 1058 914 1088 neque
930 1047 1058 1083 volunt;

163 1103 219 1123 nec
239 1092 365 1123 omnino
386 1098 514 1127 curant;
538 1101 603 1129 nec,
621 1091 696 1132 quid
711 1102 850 1132 agamus,
868 1090 1061 1120 animadver-

163 1141 254 1171 tunt;
278 1145 333 1166 nec
353 1140 408 1172 est,
432 1135 515 1176 quod
533 1136 571 1165 ab
587 1134 634 1164 his
650 1134 688 1164 ad
703 1134 866 1164 hominum
881 1133 976 1164 vitam
991 1144 1061 1174 per-

164 1189 289 1209 manare
304 1178 418 1219 possitg
443 1178 518 1219 quid
533 1183 588 1215 est,
605 1177 688 1218 quod
704 1178 783 1208 ullos
798 1177 867 1207 Diis
879 1176 1064 1206 immortali-

166 1223 224 1252 bus
245 1222 355 1259 cultus,
377 1222 516 1259 honores,
539 1231 641 1262 preces
661 1220 886 1251 adhibeamus?
910 1220 949 1250 In
966 1220 1063 1261 specie

167 1271 271 1295 autem
287 1264 364 1295 fictae
385 1264 598 1302 simulationis,
621 1264 697 1294 sicut
717 1265 842 1305 reliquae
863 1263 999 1300 virtutes,
1022 1263 1065 1292 ita

166 1308 263 1349 pietas
278 1308 375 1338 inesse
391 1318 451 1338 non
467 1313 576 1348 potest,
597 1318 668 1338 cum
690 1307 752 1348 qua
772 1307 863 1337 simul
879 1312 909 1337 et
923 1306 1065 1336 sanctita-

167 1358 230 1382 tem
247 1357 277 1381 et
291 1351 470 1392 religionem
485 1351 552 1380 tom
566 1361 684 1381 necesse
700 1356 743 1380 est
756 1361 766 1386 ς
791 1350 903 1391 quibus
925 1349 1063 1387 sublatis,
1096 1361 1100 1365 ·

167 1394 354 1435 perturbatio
366 1394 436 1424 vitae
452 1394 598 1434 sequitur,
616 1400 646 1424 et
660 1404 774 1434 magna
789 1393 935 1423 confusio.
958 1392 1066 1432 Atque

168 1437 252 1468 haud
267 1437 338 1475 scio,
361 1447 411 1475 an,
435 1437 546 1478 pietate
566 1437 709 1468 adversus
730 1436 815 1466 Deos
836 1435 967 1472 sublata,
991 1435 1066 1465 fides

170 1481 262 1511 etiam
286 1487 316 1511 et
336 1481 458 1511 societas
479 1480 597 1521 generis
616 1480 756 1518 humani,
779 1485 809 1510 et
831 1489 894 1509 una
916 1478 1066 1509 excellen-

171 1524 287 1554 tissima
301 1524 407 1561 virtus⁷
422 1524 551 1563 justitia,
569 1523 703 1553 tollatur.

216 1567 294 1596 Sunt
310 1573 413 1597 autem
434 1567 485 1597 alii
506 1567 691 1607 philosophi,
713 1572 743 1597 et
762 1565 795 1596 hi
817 1565 941 1606 quidem
962 1563 1069 1604 magni

172 1616 265 1650 atque
279 1610 406 1647 nobiles,
423 1610 477 1651 qui
493 1609 632 1640 Deorum
647 1615 750 1640 mente
765 1615 857 1649 atque
872 1608 987 1638 ratione
1003 1617 1069 1637 om-

173 1663 245 1682 nem
260 1652 413 1683 mundum
426 1653 630 1683 administrari
651 1659 680 1683 et
700 1652 765 1693 regi
785 1657 945 1682 censeant:
969 1660 1069 1691 neque

175 1706 244 1726 vero
265 1695 297 1725 id
317 1696 428 1733 solum,
452 1696 504 1726 sed
525 1696 618 1726 etiam
634 1697 672 1726 ab
688 1696 795 1726 iisdem
818 1695 887 1725 vitae
907 1693 1069 1724 hominum

172 1739 291 1770 consuli
307 1745 336 1770 et
350 1739 510 1780 provideri.
544 1739 629 1771 Nam
644 1745 674 1771 et
685 1739 798 1780 fruges,
812 1744 841 1769 et
856 1737 984 1778 reliqua,
1001 1746 1071 1778 quae
