1180 1935
153 87 215 119 DE
239 87 346 118 NAT.
363 86 500 120 DEOR·
518 87 596 119 Lm.
615 87 661 119 11.
684 86 769 119 cst.
785 88 836 120 30.
877 88 941 119 365

50 174 110 204 lem
126 173 231 211 istum,
247 183 310 214 quo
323 180 403 204 caret
418 179 515 204 vestra
529 174 622 211 natio,
638 174 668 204 in
685 174 843 205 irridendis
853 175 940 206 nobis

51 216 176 246 nolitote
190 226 384 246 consumere:
409 223 449 254 ct,
465 217 626 253 mehercle,
637 217 661 246 si
680 227 729 247 me
743 217 883 254 audiatis,
900 227 939 248 ne

52 259 251 299 experiamini
272 259 405 300 quidem.
441 260 515 290 Non
533 260 636 290 decet:
662 270 722 289 non
743 260 849 290 datum
871 266 934 290 est:

52 312 112 331 non
138 302 268 342 potestis.
302 302 369 333 Nec
391 313 460 333 vero
482 303 538 332 hoc
560 303 591 333 in
614 308 643 332 te
666 313 762 332 unum
785 303 936 339 convenit,

52 345 187 375 moribus
212 344 382 376 domesticis
408 356 442 376 ac
465 352 636 376 nostrorum
659 345 820 375 hominum
847 347 937 376 urba-

51 387 144 417 nitate
162 387 326 424 limatum;
353 388 416 426 sed,
437 399 507 419 cum
529 389 561 419 in
583 388 713 429 reliquos
730 395 851 425 vestros,
869 394 935 418 tum

49 430 80 460 in
97 441 169 461 eum
184 431 330 467 maxime,
343 432 397 473 qui
406 432 463 462 ista
478 431 604 472 peperit,
621 431 776 461 hominem
788 431 851 461 sine
862 438 936 468 arte,

48 473 111 504 sine
125 473 229 511 literis,
245 474 443 505 insultantem
458 475 490 504 in
504 484 620 513 omnes,
636 474 700 505 sine
710 474 850 504 acumine
861 474 936 510 ullo,

47 516 111 547 sine
125 516 312 554 auctoritate,
328 517 391 547 sine
406 518 515 558 lepore.

91 559 200 589 XXX.
224 559 303 590 Dico
317 560 410 600 igitur
421 559 609 601 providentia
619 559 758 591 Deorum
770 559 936 597 mundum,

48 608 78 633 et
91 612 196 633 omnes
216 603 325 632 mundi
347 611 446 643 partes
466 610 495 633 et
512 603 598 633 initio
618 602 794 633 constitutas
813 613 887 640 esse,
908 608 938 633 et

47 646 132 676 omni
153 651 288 686 tempore
310 645 532 676 administrari:
556 656 685 686 eamque
703 645 936 686 disputationem

50 696 108 719 tres
128 689 160 719 in
185 695 285 730 partes
307 689 400 719 nostri
432 689 493 720 fere
519 689 678 724 dividunt3
708 699 840 729 quarum
868 699 938 729 pars

46 732 145 772 prima
160 739 214 770 est,
231 743 300 772 quae
315 731 435 762 ducitur
450 733 488 762 ab
504 733 540 763 eit
555 732 680 769 ratione,
696 742 765 772 quae
779 731 866 762 docet
876 742 939 762 esse

49 775 146 805 Deos:
172 786 233 816 quo
248 785 397 812 conceSSO,
410 774 615 805 confitendum
627 780 682 812 est,
699 785 803 805 eorum
815 775 940 805 consilio

48 818 200 848 mundum
216 817 427 848 administrari.
456 817 596 849 Secunda
610 823 655 848 est
669 823 783 855 autem,
800 828 869 858 quae
884 817 938 848 do-

20 880 23 883 ·
49 867 106 898 cet,
127 871 232 891 omnes
258 872 304 891 res
330 862 477 900 subjectas
504 871 566 892 esse
587 866 704 891 naturae
727 860 877 897 sentienti,
900 861 939 891 ab

50 904 147 944 eaque
174 903 310 945 [omnia]
337 904 540 944 pulcherrime
563 903 645 944 geri:
679 913 740 944 quo
766 903 939 942 constituto,

50 947 197 988 sequitur,
213 948 252 977 ab
267 947 473 977 animantibus
492 947 646 988 principiis
667 957 717 977 eas
736 957 798 976 esse
816 956 940 986 genera-

51 996 104 1020 tas.
137 990 260 1020 Tertius
282 990 364 1020 locus
387 996 442 1027 est,
465 991 520 1031 qui
541 989 663 1020 ducitur
684 1000 722 1020 ex
743 989 943 1020 admiratione

51 1044 152 1063 rerum
167 1033 332 1064 coelestium
349 1039 440 1074 atque
455 1033 650 1064 terrestrium.

96 1077 236 1106 Primum
252 1076 315 1116 igit·
311 1087 345 1106 ιι·
360 1083 413 1106 aut
427 1076 602 1117 negandum
618 1082 662 1106 est
677 1075 759 1106 Deos
773 1086 836 1106 esse
845 1075 942 1116 (quod

51 1127 81 1150 et
96 1119 289 1150 Democritus
310 1119 481 1157 simulacra,
498 1126 528 1150 et
547 1119 701 1160 Epicurus
721 1118 879 1167 imagines,
896 1118 942 1148 in-

52 1163 176 1200 ducens,
199 1162 332 1211 quodam
352 1168 440 1203 pacto
458 1168 583 1202 negat);
616 1168 680 1199 aut,
702 1162 756 1202 qui
776 1161 858 1193 Deos
879 1172 942 1192 esse

52 1205 251 1243 concedant,
244 1205 280 1236 iis
295 1205 453 1235 fatendum
468 1212 524 1243 est,
540 1215 589 1236 eos
604 1204 720 1245 aliquid
735 1215 834 1245 agere,
850 1204 943 1246 idque

53 1249 242 1297 praeclarum.
280 1248 369 1279 Nihil
384 1255 428 1278 est
449 1255 551 1278 autem
572 1248 743 1289 praeclarius
762 1247 871 1278 mundi
890 1247 944 1277 ad-

55 1292 284 1322 ministratione.
308 1291 447 1321 Deorum
462 1291 555 1332 igitur
570 1291 693 1321 oonsilio
708 1291 946 1321 administratur.

56 1335 150 1373 Quod
171 1334 196 1365 si
215 1335 302 1365 aliter
321 1341 376 1372 est,
399 1335 516 1375 aliquid
535 1334 669 1375 profecto
689 1334 738 1371 sit,
755 1344 873 1364 necesse
891 1340 946 1372 est,

56 1378 176 1415 melius,
198 1384 228 1408 et
248 1379 363 1417 majore
385 1377 416 1407 vi
436 1377 611 1418 praeditum,
633 1387 727 1418 quam
743 1377 840 1414 Deus,
860 1377 951 1417 quale

56 1421 88 1452 id
103 1431 235 1462 cumque
257 1427 312 1457 est,
332 1421 394 1451 sive
414 1420 551 1450 inanima
570 1426 691 1458 natura,
713 1420 774 1450 sive
794 1420 952 1450 necessitas

58 1465 87 1495 vi
102 1474 215 1505 magna
229 1464 365 1501 incitata,
386 1463 452 1494 haec
472 1463 678 1504 pulcherrima
697 1473 788 1504 opera
808 1462 951 1500 efficiens,

57 1518 127 1548 quae
143 1507 290 1537 videmus.
325 1507 397 1536 Non
421 1513 466 1537 est
485 1506 579 1547 igitur
598 1512 707 1536 natura
721 1506 860 1536 Deorum
875 1517 953 1546 prae-

59 1557 177 1592 potenS,
194 1560 293 1591 neque
313 1550 474 1586 excellens,
491 1549 641 1591 siquidem
663 1560 698 1579 ea
713 1550 847 1587 subjecta
861 1554 906 1578 est
926 1549 952 1579 ei

57 1594 103 1624 vel
119 1593 297 1630 necessitati,
313 1594 361 1622 vel
376 1599 504 1629 naturae,
518 1603 580 1633 qua
591 1593 714 1628 coelum,
728 1592 835 1629 maria,
853 1597 954 1622 terrae-

55 1647 115 1684 que
130 1642 283 1676 regantur.
309 1636 397 1666 Nihil
412 1642 514 1666 autem
532 1641 576 1666 est
591 1635 783 1676 praestantius
796 1634 874 1664 Deo.
898 1635 954 1665 Ab

55 1690 90 1710 eo
105 1679 198 1720 igitur
214 1689 332 1709 necesse
347 1685 391 1709 est
406 1678 558 1709 mundum
575 1678 647 1719 regi.
681 1677 772 1708 Nulli
795 1677 888 1717 igitur
908 1683 954 1708 est

56 1728 173 1754 naturae
188 1722 330 1754 obediens
345 1729 400 1754 aut
420 1722 574 1760 subjectus
595 1721 693 1794 12)·3ικὀ
725 1721 861 1752 Omnem
883 1731 954 1762 ergo

644 1773 656 1793 1
