1226 1935
206 105 265 135 168
323 103 447 135 TUSC.
464 100 637 142 QUAEST.
655 103 733 134 Lm.
751 102 797 134 II.
814 103 897 135 CAP.
918 103 966 136 16.

208 191 244 221 C.
269 191 382 228 Mario,
406 190 544 221 dolebat:
570 200 640 220 cum
660 196 733 221 aestu
757 201 869 231 magno
890 191 1018 221 ducebat
1037 201 1091 232 ag-

207 245 290 270 men,
303 235 459 264 laborabat
473 245 480 263 ε
506 241 548 264 est
563 234 640 263 inter
655 234 718 264 haee
734 240 836 263 tamen
852 234 992 275 quaedam
1008 235 1092 264 simi·
1116 232 1120 237 '

208 277 305 307 litudo
317 289 324 307 :
343 277 526 307 consuetudo
537 277 616 307 enim
627 277 765 306 laborum
777 277 996 317 perpessionem
1009 277 1093 307 dolo-

208 331 278 350 rum
295 320 383 350 efficit
398 319 571 349 faciliorem.
608 320 715 360 Itaque
736 320 791 356 ini,
809 320 862 360 qui
888 321 1013 350 Graeciae
1032 320 1094 350 for-

208 373 292 393 mam
309 373 409 393 res-um
424 363 615 403 publicarum
630 362 788 400 dederunt,
804 374 928 403 corpora
944 364 1095 402 juvenum

210 406 323 436 firmari
345 407 446 436 labore
466 406 646 435 voluerunt:
672 405 753 446 quod
771 407 930 445 Spartiatae
950 407 1040 436 etiam
1064 407 1097 436 in

212 450 339 479 feminas
370 448 609 484 transtulerunt3
648 460 728 489 quae,
756 449 867 478 caeteris
896 448 927 477 in
958 449 1096 485 urbibus,

210 492 388 522 monis-simo
404 492 499 528 cultu,
515 492 666 532 parietum
681 491 797 521 umbris
817 492 1006 522 occuluntur.
1045 492 1098 522 Iffi

214 542 317 565 autem
334 535 493 565 voluerunt

256 596 278 612 ‘⁶
292 593 381 624 Nihil
401 593 512 624 horum
532 592 631 623 simile
651 603 713 623 esse
736 592 818 634 apud
840 593 985 623 Lacaenas
1007 594 1099 634 virgi-

342 647 394 667 nes
409 647 416 655 ·

257 680 375 718 Quibu'
391 658 484 719 niagi'
500 679 649 720 palaestra,
663 679 804 716 Eurotas,
818 679 872 717 sol,
884 679 993 720 pulvis,
1004 680 1100 718 labos,

260 723 377 753 Militia
391 721 491 752 studio
506 728 560 761 est,
577 733 670 763 quam
688 721 856 763 [fertilitas]
874 723 1033 754 barbara.''

218 794 302 834 Ergo
314 793 361 824 his
375 792 530 823 laboriosis
546 792 807 822 exercitationibus
822 797 851 822 et
866 792 950 822 dolor
959 792 1105 824 intercur-

217 838 256 867 rit
275 846 505 877 nonnunquam.
544 835 761 875 Impelluntur,
779 835 938 873 feriuntur,
955 836 1103 874 abjiciun-

218 886 279 917 tur,
308 880 441 910 cadunt:
466 884 495 909 et
514 879 577 919 ipse
598 878 683 908 labor
705 878 791 918 quasi
814 879 925 908 callum
949 879 1105 920 quoddam

219 923 342 953 obducit
358 922 463 952 dolori.

263 967 356 997 XVI.
382 965 505 995 Militiae
520 975 589 994 vero
605 966 751 998 (nostram
767 964 844 1001 dico,
862 975 922 995 non
939 966 1106 1006 Spartiata-

219 1020 301 1047 rum,
318 1019 448 1049 quorum
464 1007 597 1048 procedit
614 1007 704 1037 Mora
720 1007 757 1037 ad
773 1008 891 1044 tibiam,
909 1018 962 1038 nec
983 1009 1107 1040 adhibe-

221 1059 272 1083 tur
287 1053 352 1082 ulla
366 1052 429 1081 sine
444 1051 602 1090 anapaestis
618 1050 745 1090 pedibus
763 1051 905 1086 hortatio)
916 1052 1008 1081 nostri
1021 1062 1107 1082 exer-

220 1096 297 1126 citus
312 1095 447 1135 primum
470 1094 551 1123 unde
571 1103 680 1123 nomen
704 1094 846 1129 habeant,
871 1094 974 1124 vides:
1000 1094 1108 1127 deinde

223 1139 277 1180 qui
292 1139 387 1173 labor,
405 1143 434 1166 et
449 1142 582 1177 quantus
597 1136 748 1176 agminis;
774 1136 850 1166 ferre
869 1137 938 1177 plus
959 1137 1109 1169 dimidiati

222 1181 333 1212 mensis
348 1180 478 1215 cibaria;
503 1180 590 1216 ferre,
608 1179 632 1209 si
647 1179 721 1219 quid
737 1179 775 1208 ad
790 1190 880 1209 usum
896 1180 1009 1216 velint;
1033 1181 1111 1212 ferre

223 1225 358 1255 vallum:
384 1233 456 1252 nam
480 1229 611 1259 scutum,
636 1222 784 1262 gladium,
810 1223 939 1262 galeam,
965 1223 996 1253 in
1021 1234 1112 1255 onere

224 1267 317 1297 nostri
337 1266 449 1296 milites
472 1276 532 1295 non
555 1265 624 1305 plus
646 1271 818 1300 numerant,
842 1276 935 1306 quam
957 1266 1110 1305 humeros,

224 1312 360 1346 lacertos,
386 1319 504 1338 manus.
536 1308 637 1337 Arma
660 1308 740 1338 enim
765 1310 902 1338 membra
924 1309 1028 1339 militis
1051 1320 1113 1341 esse

226 1354 350 1384 dicunt:
376 1363 444 1392 quae
463 1351 586 1392 quidem
610 1351 651 1380 ita
668 1357 816 1391 geruntur
835 1359 914 1392 apte,
932 1358 977 1389 ut,
995 1352 1019 1382 si
1039 1363 1112 1384 usus

227 1397 314 1432 ferat,
330 1395 454 1434 abjectis
469 1394 620 1431 oneribus,
638 1394 784 1434 expeditis
796 1394 897 1431 armis,
909 1401 944 1424 ut
955 1397 1111 1435 membris,

227 1449 364 1480 pugnare
379 1438 502 1478 possint.
527 1437 612 1475 Quid
624 1437 794 1467 exercitatio
810 1437 964 1477 legionum
976 1438 990 1467 ’ἓ
1013 1439 1087 1479 quid
1099 1442 1114 1471 ?

228 1483 280 1512 ille
304 1492 419 1518 cursus,
444 1490 615 1517 concursus,
637 1480 760 1518 clamor,
785 1480 891 1520 quanti
913 1481 1023 1511 laboris
1046 1484 1112 1513 est!

230 1525 281 1555 Ex
299 1525 355 1554 hoc
370 1524 421 1553 ille
437 1523 557 1552 animus
579 1523 611 1552 in
635 1523 746 1563 proeliis
769 1529 892 1563 paratus
916 1523 955 1553 ad
981 1525 1115 1556 vulnera.

231 1567 345 1598 Adduo
369 1566 435 1607 pari
459 1566 561 1596 animo
585 1566 813 1595 inexercitatum
834 1566 983 1596 militem:
1007 1569 1118 1599 mulier

232 1610 401 1641 videbitur:
427 1611 506 1639 cur?
541 1608 680 1638 Tantum
704 1609 825 1638 interest
848 1609 926 1639 inter
949 1619 1062 1641 novum
1088 1618 1117 1642 et

232 1659 363 1684 veterem
384 1652 561 1689 exercitum,
584 1658 733 1692 quantum
757 1652 872 1692 experti
892 1662 1007 1683 sumus.
1031 1655 1120 1685 AEtas

232 1697 367 1726 tironum
383 1696 563 1736 plerumque
578 1695 703 1724 melior:
728 1694 778 1724 sed
794 1695 869 1725 ferre
885 1695 1030 1733 laborem,
1047 1708 1119 1727 con-

235 1745 368 1769 temnere
384 1738 505 1774 vulnus,
522 1737 705 1767 consuetudo
721 1737 814 1768 docet.
847 1738 1024 1776 Quinetiam
1038 1740 1119 1770 vide-

237 1792 305 1813 mus
322 1793 358 1813 ex
374 1781 436 1813 acie
451 1781 547 1812 efferri
563 1791 641 1822 saepe
656 1781 789 1817 saucio&
815 1787 841 1811 et
867 1781 990 1822 quidem
1015 1783 1121 1814 rudem
