1226 1935
186 283 250 324 M.
273 282 494 325 TULLII
528 281 868 325 CICERONIS

115 399 956 448 TUSCULANARUM

251 517 821 569 QUAESUONUM,

317 629 392 667 AD
419 629 476 667 Μ.
504 628 746 674 BRUTUM,

293 737 474 769 LIBER
508 738 779 777 QUINTUS.

464 860 609 891 -φ-

98 965 263 1004 Vir-tutem,
280 966 320 996 ad
330 966 411 996 beate
421 964 597 1004 vivendum,
608 976 638 996 se
648 963 715 1005 ἐμά
728 974 789 996 esse
798 969 977 996 contentam.

135 1051 161 1082 Ι.
185 1051 363 1090 QUINTUS
379 1051 428 1081 hic
444 1050 517 1088 dies,
529 1051 636 1088 Brute,
648 1051 740 1082 finem
755 1050 844 1082 faciet
858 1050 979 1081 Tuscu-

91 1095 229 1126 lanarum
244 1094 505 1136 disputationumg
530 1104 591 1135 quo
606 1093 655 1124 die
675 1099 719 1124 est
739 1105 757 1124 a
776 1094 873 1131 nobis,
891 1093 926 1124 εἳι
941 1093 980 1125 de

91 1148 123 1168 re
137 1148 230 1179 quam
245 1143 278 1168 tu
295 1149 333 1168 ex
348 1137 490 1168 omnibus
500 1137 635 1167 maxime
644 1139 764 1177 probas,
777 1137 978 1178 disputatum.

93 1181 216 1212 Placere
242 1181 323 1211 enim
346 1181 401 1211 tibi
422 1180 589 1210 admodum
610 1179 698 1217 sensi,
721 1186 751 1210 et
777 1191 814 1211 ex
835 1191 869 1211 eo
888 1180 978 1218 libro,

92 1234 184 1265 quem
207 1223 246 1254 ad
268 1234 318 1254 me
341 1222 561 1254 accuratissime
584 1222 736 1264 scripsisti,
765 1229 794 1253 et
816 1233 854 1253 ex
872 1223 979 1253 multis

91 1265 277 1298 sermonibus
286 1267 356 1305 tuis,
367 1266 521 1304 virtutem,
538 1266 576 1296 ad
587 1267 672 1296 beate
682 1265 856 1304 vivendum,
868 1269 898 1297 'se
913 1266 980 1307 ips&

91 1320 154 1340 esse
168 1316 348 1340 contentam.
373 1308 466 1347 Quod
481 1309 535 1339 etsi
547 1308 667 1339 difficile
679 1315 722 1339 est
734 1310 874 1349 probatu,
887 1319 979 1350 prop-

92 1359 136 1384 ter
151 1359 214 1383 tam
230 1353 312 1383 varia
326 1358 355 1383 et
375 1358 437 1382 tam
457 1352 556 1382 multa
575 1358 725 1382 tormenta
744 1352 893 1388 fortunae;
918 1352 979 1382 tale

91 1402 194 1426 tamen
210 1402 263 1434 est,
275 1401 310 1426 ut
325 1394 541 1426 elaborandum
554 1393 602 1431 sit,
614 1405 675 1436 quo
690 1394 807 1425 facilius
822 1395 977 1436 probetur.

92 1439 182 1469 Nihil
197 1444 240 1469 est
256 1439 336 1469 enim
352 1438 490 1468 omnium
506 1448 574 1479 quae
593 1438 625 1467 in
641 1437 833 1479 philosophi&
848 1443 979 1468 tractan-

92 1487 153 1519 tur,
169 1481 251 1523 quod
266 1481 385 1522 gravius
400 1480 702 1522 magnificentiusque
717 1481 842 1511 dicatur.
879 1481 977 1518 Nam,

91 1535 162 1556 cum
178 1535 213 1555 ea
227 1535 317 1555 causa
330 1524 486 1565 impulerit
501 1534 549 1555 eos
565 1524 619 1565 qui
633 1523 725 1565 primi
746 1535 776 1555 se
791 1523 829 1554 ad
844 1524 978 1564 philoso-

91 1568 172 1608 phiae
187 1566 322 1598 studium
342 1568 543 1605 contulerunt,
558 1574 605 1605 ut,
626 1567 768 1598 omnibus
786 1568 875 1597 rebus
896 1572 978 1607 post-

91 1611 213 1647 habitis,
230 1616 306 1641 totos
321 1621 352 1641 se
366 1607 398 1640 in
413 1610 528 1651 optimo
543 1611 612 1641 vitae
624 1616 702 1641 statu
715 1609 902 1651 exquirendo
917 1609 978 1640 col-

91 1653 242 1690 locarent3
265 1653 398 1694 profecto
419 1664 471 1694 spe
493 1654 579 1684 beate
602 1653 722 1684 vivendi
745 1658 862 1683 tantam
886 1652 918 1682 in
943 1662 978 1682 eo

91 1697 191 1727 studio
205 1707 308 1727 curam
323 1706 506 1738 operamque
525 1702 699 1738 posuerunt.
732 1695 825 1734 Quod
844 1696 869 1726 si
888 1696 926 1725 ab
942 1695 978 1725 iis

93 1738 216 1771 inventa
231 1746 259 1771 et
275 1739 405 1782 perfecta
420 1739 514 1771 virtus
530 1745 584 1781 est,
601 1746 630 1771 et
648 1739 673 1771 si
687 1738 818 1782 praesidii
833 1738 872 1769 ad
891 1739 978 1770 beate
