<?xml version="1.0" encoding="UTF-8"?>
<!DOCTYPE html PUBLIC "-//W3C//DTD XHTML 1.0 Transitional//EN"
    "http://www.w3.org/TR/xhtml1/DTD/xhtml1-transitional.dtd">
<html xmlns="http://www.w3.org/1999/xhtml" xml:lang="en" lang="en">
 <head>
  <title>
</title>
<meta http-equiv="Content-Type" content="text/html;charset=utf-8" />
  <meta name='ocr-system' content='tesseract 3.04.00' />
  <meta name='ocr-capabilities' content='ocr_page ocr_carea ocr_par ocr_line ocrx_word'/>
</head>
<body>
  <div class='ocr_page' id='page_1' title='image "./operaern03ciceuoft_0334.png"; bbox 0 0 1226 1935; ppageno 0'>
   <div class='ocr_carea' id='block_1_1' title="bbox 210 72 984 104">
    <p class='ocr_par' dir='ltr' id='par_1_1' title="bbox 210 72 984 104">
     <span class='ocr_line' id='line_1_1' title="bbox 210 72 984 104; baseline -0.003 0"><span class='ocrx_word' id='word_1_1' title='bbox 210 75 274 104; x_wconf 77' lang='lat'><strong>320</strong></span> <span class='ocrx_word' id='word_1_2' title='bbox 319 72 381 103; x_wconf 83' lang='lat' dir='ltr'><strong>DE</strong></span> <span class='ocrx_word' id='word_1_3' title='bbox 398 72 509 103; x_wconf 86' lang='lat' dir='ltr'>NAT.</span> <span class='ocrx_word' id='word_1_4' title='bbox 528 72 664 103; x_wconf 85' lang='lat' dir='ltr'>DEOR.</span> <span class='ocrx_word' id='word_1_5' title='bbox 692 73 769 103; x_wconf 68' lang='lat' dir='ltr'><strong>111ss.</strong></span> <span class='ocrx_word' id='word_1_6' title='bbox 788 73 814 103; x_wconf 93' lang='lat' dir='ltr'><strong>I.</strong></span> <span class='ocrx_word' id='word_1_7' title='bbox 833 72 915 102; x_wconf 71' lang='lat' dir='ltr'>CAP.</span> <span class='ocrx_word' id='word_1_8' title='bbox 933 73 984 102; x_wconf 73' lang='lat'><strong>28.</strong></span> 
     </span>
    </p>
   </div>
   <div class='ocr_carea' id='block_1_2' title="bbox 216 158 1132 1747">
    <p class='ocr_par' dir='ltr' id='par_1_2' title="bbox 216 158 1111 244">
     <span class='ocr_line' id='line_1_2' title="bbox 216 158 1111 200; baseline -0.002 -11"><span class='ocrx_word' id='word_1_9' title='bbox 216 159 298 200; x_wconf 85' lang='lat' dir='ltr'><strong>quod</strong></span> <span class='ocrx_word' id='word_1_10' title='bbox 321 159 408 189; x_wconf 58' lang='lat' dir='ltr'><strong>nullst</strong></span> <span class='ocrx_word' id='word_1_11' title='bbox 431 159 462 189; x_wconf 88' lang='lat' dir='ltr'><strong>in</strong></span> <span class='ocrx_word' id='word_1_12' title='bbox 489 159 549 189; x_wconf 57' lang='lat' dir='ltr'><strong>alis</strong></span> <span class='ocrx_word' id='word_1_13' title='bbox 575 159 673 199; x_wconf 66' lang='lat' dir='ltr'><strong>figur-5.</strong></span> <span class='ocrx_word' id='word_1_14' title='bbox 696 158 885 189; x_wconf 79' lang='lat' dir='ltr'>domicilium</span> <span class='ocrx_word' id='word_1_15' title='bbox 910 158 1021 188; x_wconf 82' lang='lat' dir='ltr'><strong>mentis</strong></span> <span class='ocrx_word' id='word_1_16' title='bbox 1047 167 1111 188; x_wconf 83' lang='lat' dir='ltr'><strong>esse</strong></span> 
     </span>
     <span class='ocr_line' id='line_1_3' title="bbox 217 202 322 244; baseline 0 -12"><span class='ocrx_word' id='word_1_17' title='bbox 217 202 322 244; x_wconf 85' lang='lat' dir='ltr'><strong>possit.</strong></span> 
     </span>
    </p>

    <p class='ocr_par' dir='ltr' id='par_1_3' title="bbox 220 243 1128 1317">
     <span class='ocr_line' id='line_1_4' title="bbox 261 243 1109 286; baseline -0.002 -11"><span class='ocrx_word' id='word_1_18' title='bbox 261 245 403 275; x_wconf 89' lang='lat' dir='ltr'><strong>Primum</strong></span> <span class='ocrx_word' id='word_1_19' title='bbox 419 245 523 286; x_wconf 78' lang='lat' dir='ltr'><strong>igitur,</strong></span> <span class='ocrx_word' id='word_1_20' title='bbox 540 244 686 286; x_wconf 80' lang='lat' dir='ltr'><strong>quidque,</strong></span> <span class='ocrx_word' id='word_1_21' title='bbox 703 244 937 281; x_wconf 78' lang='lat' dir='ltr'>consideremus,</span> <span class='ocrx_word' id='word_1_22' title='bbox 955 243 1046 284; x_wconf 78' lang='lat' dir='ltr'><strong>quale</strong></span> <span class='ocrx_word' id='word_1_23' title='bbox 1061 243 1109 274; x_wconf 82' lang='lat' dir='ltr'><strong>sit.</strong></span> 
     </span>
     <span class='ocr_line' id='line_1_5' title="bbox 220 287 1111 329; baseline -0.002 -11"><span class='ocrx_word' id='word_1_24' title='bbox 220 288 365 329; x_wconf 87' lang='lat' dir='ltr'><strong>Arripere</strong></span> <span class='ocrx_word' id='word_1_25' title='bbox 381 289 463 318; x_wconf 85' lang='lat' dir='ltr'><strong>enim</strong></span> <span class='ocrx_word' id='word_1_26' title='bbox 477 288 554 318; x_wconf 85' lang='lat' dir='ltr'><strong>mihi</strong></span> <span class='ocrx_word' id='word_1_27' title='bbox 570 287 725 325; x_wconf 83' lang='lat' dir='ltr'><strong>videmini,</strong></span> <span class='ocrx_word' id='word_1_28' title='bbox 737 287 824 328; x_wconf 83' lang='lat' dir='ltr'><strong>quasi</strong></span> <span class='ocrx_word' id='word_1_29' title='bbox 840 293 936 317; x_wconf 81' lang='lat' dir='ltr'><strong>vestro</strong></span> <span class='ocrx_word' id='word_1_30' title='bbox 949 287 1029 325; x_wconf 85' lang='lat' dir='ltr'><strong>jure,</strong></span> <span class='ocrx_word' id='word_1_31' title='bbox 1046 297 1111 316; x_wconf 90' lang='lat' dir='ltr'><strong>rem</strong></span> 
     </span>
     <span class='ocr_line' id='line_1_6' title="bbox 221 329 1113 372; baseline -0.002 -11"><span class='ocrx_word' id='word_1_32' title='bbox 221 331 307 361; x_wconf 84' lang='lat' dir='ltr'><strong>nullo</strong></span> <span class='ocrx_word' id='word_1_33' title='bbox 322 331 414 361; x_wconf 87' lang='lat' dir='ltr'><strong>modo</strong></span> <span class='ocrx_word' id='word_1_34' title='bbox 428 331 617 372; x_wconf 73' lang='lat' dir='ltr'>probabilem</span> <span class='ocrx_word' id='word_1_35' title='bbox 635 330 817 371; x_wconf 80' lang='lat' dir='ltr'><strong>[omnium.]</strong></span> <span class='ocrx_word' id='word_1_36' title='bbox 843 329 922 367; x_wconf 71' lang='lat' dir='ltr'><strong>Quis</strong></span> <span class='ocrx_word' id='word_1_37' title='bbox 937 335 1001 359; x_wconf 66' lang='lat' dir='ltr'><strong>tam</strong></span> <span class='ocrx_word' id='word_1_38' title='bbox 1018 339 1113 359; x_wconf 85' lang='lat' dir='ltr'><strong>caecus</strong></span> 
     </span>
     <span class='ocr_line' id='line_1_7' title="bbox 222 372 1113 414; baseline -0.003 -10"><span class='ocrx_word' id='word_1_39' title='bbox 222 374 254 403; x_wconf 90' lang='lat' dir='ltr'><strong>in</strong></span> <span class='ocrx_word' id='word_1_40' title='bbox 269 374 510 414; x_wconf 79' lang='lat' dir='ltr'>contemplandis</span> <span class='ocrx_word' id='word_1_41' title='bbox 525 375 614 404; x_wconf 85' lang='lat' dir='ltr'><strong>rebus</strong></span> <span class='ocrx_word' id='word_1_42' title='bbox 624 384 761 414; x_wconf 84' lang='lat' dir='ltr'><strong>unquam</strong></span> <span class='ocrx_word' id='word_1_43' title='bbox 778 373 847 408; x_wconf 78' lang='lat' dir='ltr'><strong>fuit,</strong></span> <span class='ocrx_word' id='word_1_44' title='bbox 865 379 972 402; x_wconf 78' lang='lat' dir='ltr'><strong>utnon</strong></span> <span class='ocrx_word' id='word_1_45' title='bbox 988 372 1113 408; x_wconf 75' lang='lat' dir='ltr'><strong>videret,</strong></span> 
     </span>
     <span class='ocr_line' id='line_1_8' title="bbox 223 415 1116 457; baseline -0.003 -10"><span class='ocrx_word' id='word_1_46' title='bbox 223 417 335 457; x_wconf 85' lang='lat' dir='ltr'><strong>species</strong></span> <span class='ocrx_word' id='word_1_47' title='bbox 352 417 424 447; x_wconf 82' lang='lat' dir='ltr'><strong>istas</strong></span> <span class='ocrx_word' id='word_1_48' title='bbox 444 417 605 447; x_wconf 81' lang='lat' dir='ltr'><strong>hominum</strong></span> <span class='ocrx_word' id='word_1_49' title='bbox 622 417 744 446; x_wconf 72' lang='lat' dir='ltr'><strong>collatas</strong></span> <span class='ocrx_word' id='word_1_50' title='bbox 760 416 790 445; x_wconf 87' lang='lat' dir='ltr'><strong>in</strong></span> <span class='ocrx_word' id='word_1_51' title='bbox 813 416 906 450; x_wconf 82' lang='lat' dir='ltr'><strong>Deos,</strong></span> <span class='ocrx_word' id='word_1_52' title='bbox 923 422 976 444; x_wconf 76' lang='lat' dir='ltr'><strong>aut</strong></span> <span class='ocrx_word' id='word_1_53' title='bbox 992 415 1116 445; x_wconf 71' lang='lat' dir='ltr'><strong>consilio</strong></span> 
     </span>
     <span class='ocr_line' id='line_1_9' title="bbox 223 458 1117 500; baseline -0.002 -11"><span class='ocrx_word' id='word_1_54' title='bbox 223 460 359 500; x_wconf 84' lang='lat' dir='ltr'><strong>quodam</strong></span> <span class='ocrx_word' id='word_1_55' title='bbox 375 460 555 500; x_wconf 55' lang='lat' dir='ltr'><strong>sapientium,</strong></span> <span class='ocrx_word' id='word_1_56' title='bbox 573 470 633 500; x_wconf 85' lang='lat' dir='ltr'><strong>quo</strong></span> <span class='ocrx_word' id='word_1_57' title='bbox 648 459 766 489; x_wconf 73' lang='lat' dir='ltr'><strong>facilius</strong></span> <span class='ocrx_word' id='word_1_58' title='bbox 777 459 894 488; x_wconf 72' lang='lat' dir='ltr'><strong>animos</strong></span> <span class='ocrx_word' id='word_1_59' title='bbox 905 458 1117 498; x_wconf 79' lang='lat' dir='ltr'><strong>imperitorum</strong></span> 
     </span>
     <span class='ocr_line' id='line_1_10' title="bbox 225 502 1115 542; baseline -0.002 -10"><span class='ocrx_word' id='word_1_60' title='bbox 225 503 264 533; x_wconf 87' lang='lat' dir='ltr'><strong>ad</strong></span> <span class='ocrx_word' id='word_1_61' title='bbox 288 503 427 533; x_wconf 85' lang='lat' dir='ltr'>Deorum</span> <span class='ocrx_word' id='word_1_62' title='bbox 454 503 572 532; x_wconf 81' lang='lat' dir='ltr'><strong>cultum</strong></span> <span class='ocrx_word' id='word_1_63' title='bbox 595 513 614 532; x_wconf 86' lang='lat' dir='ltr'>a</span> <span class='ocrx_word' id='word_1_64' title='bbox 634 502 703 532; x_wconf 86' lang='lat' dir='ltr'><strong>vitae</strong></span> <span class='ocrx_word' id='word_1_65' title='bbox 721 502 869 542; x_wconf 77' lang='lat' dir='ltr'>pravitate</span> <span class='ocrx_word' id='word_1_66' title='bbox 890 506 1115 536; x_wconf 71' lang='lat' dir='ltr'><strong>converterent3</strong></span> 
     </span>
     <span class='ocr_line' id='line_1_11' title="bbox 225 545 1118 586; baseline -0.004 -10"><span class='ocrx_word' id='word_1_67' title='bbox 225 550 279 576; x_wconf 84' lang='lat' dir='ltr'><strong>aut</strong></span> <span class='ocrx_word' id='word_1_68' title='bbox 294 545 516 586; x_wconf 79' lang='lat' dir='ltr'><strong>superstitione,</strong></span> <span class='ocrx_word' id='word_1_69' title='bbox 533 551 568 575; x_wconf 82' lang='lat' dir='ltr'><strong>ut</strong></span> <span class='ocrx_word' id='word_1_70' title='bbox 583 552 680 575; x_wconf 78' lang='lat' dir='ltr'><strong>essent</strong></span> <span class='ocrx_word' id='word_1_71' title='bbox 695 545 866 581; x_wconf 77' lang='lat' dir='ltr'><strong>simulacra,</strong></span> <span class='ocrx_word' id='word_1_72' title='bbox 884 554 937 584; x_wconf 86' lang='lat' dir='ltr'><strong>qu</strong></span> <span class='ocrx_word' id='word_1_73' title='bbox 918 555 953 574; x_wconf 84' lang='lat' dir='ltr'>ae</span> <span class='ocrx_word' id='word_1_74' title='bbox 973 553 1118 573; x_wconf 78' lang='lat' dir='ltr'><strong>veneran-</strong></span> 
     </span>
     <span class='ocr_line' id='line_1_12' title="bbox 224 587 1118 630; baseline -0.002 -12"><span class='ocrx_word' id='word_1_75' title='bbox 224 594 281 625; x_wconf 90' lang='lat' dir='ltr'><strong>tes,</strong></span> <span class='ocrx_word' id='word_1_76' title='bbox 298 588 403 618; x_wconf 88' lang='lat' dir='ltr'><strong>Deos&#39;</strong></span> <span class='ocrx_word' id='word_1_77' title='bbox 395 599 475 630; x_wconf 81' lang='lat' dir='ltr'><strong>lpsos</strong></span> <span class='ocrx_word' id='word_1_78' title='bbox 491 599 521 618; x_wconf 89' lang='lat' dir='ltr'><strong>se</strong></span> <span class='ocrx_word' id='word_1_79' title='bbox 536 588 618 618; x_wconf 85' lang='lat' dir='ltr'><strong>adire</strong></span> <span class='ocrx_word' id='word_1_80' title='bbox 633 588 810 618; x_wconf 80' lang='lat' dir='ltr'><strong>crederent?</strong></span> <span class='ocrx_word' id='word_1_81' title='bbox 833 587 1000 618; x_wconf 83' lang='lat' dir='ltr'><strong>Auxerunt</strong></span> <span class='ocrx_word' id='word_1_82' title='bbox 1015 593 1118 617; x_wconf 80' lang='lat' dir='ltr'><strong>autem</strong></span> 
     </span>
     <span class='ocr_line' id='line_1_13' title="bbox 226 629 1119 672; baseline -0.001 -12"><span class='ocrx_word' id='word_1_83' title='bbox 226 630 291 661; x_wconf 83' lang='lat' dir='ltr'><strong>haec</strong></span> <span class='ocrx_word' id='word_1_84' title='bbox 307 631 412 661; x_wconf 79' lang='lat' dir='ltr'><strong>eadem</strong></span> <span class='ocrx_word' id='word_1_85' title='bbox 428 642 467 672; x_wconf 78' lang='lat' dir='ltr'><strong>po</strong></span> <span class='ocrx_word' id='word_1_86' title='bbox 462 635 536 668; x_wconf 56' lang='grc' dir='ltr'>ἕως,</span> <span class='ocrx_word' id='word_1_87' title='bbox 554 631 691 672; x_wconf 82' lang='lat' dir='ltr'><strong>pictores,</strong></span> <span class='ocrx_word' id='word_1_88' title='bbox 708 631 838 672; x_wconf 87' lang='lat' dir='ltr'><strong>opifices.</strong></span> <span class='ocrx_word' id='word_1_89' title='bbox 871 630 948 660; x_wconf 85' lang='lat' dir='ltr'>Erat</span> <span class='ocrx_word' id='word_1_90' title='bbox 963 629 1044 659; x_wconf 74' lang='lat' dir='ltr'><strong>enirn</strong></span> <span class='ocrx_word' id='word_1_91' title='bbox 1057 639 1119 660; x_wconf 89' lang='lat' dir='ltr'><strong>non</strong></span> 
     </span>
     <span class='ocr_line' id='line_1_14' title="bbox 227 672 1120 715; baseline -0.003 -11"><span class='ocrx_word' id='word_1_92' title='bbox 227 674 326 711; x_wconf 64' lang='lat' dir='ltr'><strong>facile,</strong></span> <span class='ocrx_word' id='word_1_93' title='bbox 351 680 472 714; x_wconf 79' lang='lat' dir='ltr'><strong>agentes</strong></span> <span class='ocrx_word' id='word_1_94' title='bbox 490 674 607 715; x_wconf 79' lang='lat' dir='ltr'><strong>aliquid</strong></span> <span class='ocrx_word' id='word_1_95' title='bbox 628 680 657 704; x_wconf 84' lang='lat' dir='ltr'><strong>et</strong></span> <span class='ocrx_word' id='word_1_96' title='bbox 671 674 829 704; x_wconf 83' lang='lat' dir='ltr'><strong>molientes</strong></span> <span class='ocrx_word' id='word_1_97' title='bbox 845 672 949 703; x_wconf 83' lang='lat' dir='ltr'><strong>Deos</strong></span> <span class='ocrx_word' id='word_1_98' title='bbox 942 682 973 702; x_wconf 90' lang='lat' dir='ltr'>m</span> <span class='ocrx_word' id='word_1_99' title='bbox 989 683 1120 702; x_wconf 51' lang='grc'>’1111111111</span> 
     </span>
     <span class='ocr_line' id='line_1_15' title="bbox 228 715 1122 748; baseline -0.001 -1"><span class='ocrx_word' id='word_1_100' title='bbox 228 716 399 747; x_wconf 76' lang='lat' dir='ltr'><strong>formarum</strong></span> <span class='ocrx_word' id='word_1_101' title='bbox 423 717 592 748; x_wconf 82' lang='lat' dir='ltr'><strong>imitatione</strong></span> <span class='ocrx_word' id='word_1_102' title='bbox 617 727 742 747; x_wconf 81' lang='lat' dir='ltr'><strong>servare.</strong></span> <span class='ocrx_word' id='word_1_103' title='bbox 779 716 917 747; x_wconf 76' lang='lat' dir='ltr'><strong>Accessit</strong></span> <span class='ocrx_word' id='word_1_104' title='bbox 947 715 1038 745; x_wconf 74' lang='lat' dir='ltr'><strong>etiam</strong></span> <span class='ocrx_word' id='word_1_105' title='bbox 1065 715 1122 746; x_wconf 80' lang='lat' dir='ltr'><strong>ista</strong></span> 
     </span>
     <span class='ocr_line' id='line_1_16' title="bbox 229 758 1122 801; baseline -0.001 -12"><span class='ocrx_word' id='word_1_106' title='bbox 229 760 332 800; x_wconf 82' lang='lat' dir='ltr'><strong>opinio</strong></span> <span class='ocrx_word' id='word_1_107' title='bbox 346 760 482 797; x_wconf 77' lang='lat' dir='ltr'><strong>fortasse,</strong></span> <span class='ocrx_word' id='word_1_108' title='bbox 500 760 582 801; x_wconf 85' lang='lat' dir='ltr'><strong>quod</strong></span> <span class='ocrx_word' id='word_1_109' title='bbox 598 760 679 791; x_wconf 63' lang='grc' dir='ltr'><strong>110111ι</strong></span> <span class='ocrx_word' id='word_1_110' title='bbox 672 760 715 789; x_wconf 82' lang='grc'>1111</span> <span class='ocrx_word' id='word_1_111' title='bbox 734 760 858 790; x_wconf 85' lang='grc'>1101111116</span> <span class='ocrx_word' id='word_1_112' title='bbox 873 759 925 788; x_wconf 83' lang='grc'>11111</span> <span class='ocrx_word' id='word_1_113' title='bbox 928 759 949 788; x_wconf 94' lang='lat' dir='ltr'><strong>il</strong></span> <span class='ocrx_word' id='word_1_114' title='bbox 964 758 1122 799; x_wconf 82' lang='lat' dir='ltr'><strong>pulchrius</strong></span> 
     </span>
     <span class='ocr_line' id='line_1_17' title="bbox 229 802 1123 852; baseline -0.002 -20"><span class='ocrx_word' id='word_1_115' title='bbox 229 803 377 833; x_wconf 84' lang='lat' dir='ltr'><strong>videatur.</strong></span> <span class='ocrx_word' id='word_1_116' title='bbox 402 804 462 834; x_wconf 75' lang='lat' dir='ltr'><strong>Sed</strong></span> <span class='ocrx_word' id='word_1_117' title='bbox 477 809 511 833; x_wconf 91' lang='lat' dir='ltr'><strong>tu</strong></span> <span class='ocrx_word' id='word_1_118' title='bbox 527 804 594 841; x_wconf 81' lang='lat' dir='ltr'><strong>hcc,</strong></span> <span class='ocrx_word' id='word_1_119' title='bbox 606 803 739 852; x_wconf 72' lang='lat' dir='ltr'><strong>physice,</strong></span> <span class='ocrx_word' id='word_1_120' title='bbox 753 813 815 833; x_wconf 82' lang='lat' dir='ltr'><strong>non</strong></span> <span class='ocrx_word' id='word_1_121' title='bbox 825 802 917 839; x_wconf 84' lang='lat' dir='ltr'><strong>vides,</strong></span> <span class='ocrx_word' id='word_1_122' title='bbox 929 813 962 842; x_wconf 71' lang='grc' dir='ltr'><strong>(Γι</strong></span> <span class='ocrx_word' id='word_1_123' title='bbox 953 812 1023 831; x_wconf 71' lang='lat' dir='ltr'><strong>rani</strong></span> <span class='ocrx_word' id='word_1_124' title='bbox 1035 802 1123 831; x_wconf 78' lang='lat' dir='ltr'><strong>blan-</strong></span> 
     </span>
     <span class='ocr_line' id='line_1_18' title="bbox 230 845 1124 887; baseline -0.002 -12"><span class='ocrx_word' id='word_1_125' title='bbox 230 845 271 876; x_wconf 86' lang='lat' dir='ltr'><strong>da</strong></span> <span class='ocrx_word' id='word_1_126' title='bbox 295 847 493 885; x_wconf 73' lang='lat' dir='ltr'><strong>conciliatrix,</strong></span> <span class='ocrx_word' id='word_1_127' title='bbox 516 854 546 877; x_wconf 79' lang='lat' dir='ltr'><strong>et</strong></span> <span class='ocrx_word' id='word_1_128' title='bbox 566 857 638 887; x_wconf 66' lang='lat' dir='ltr'><strong>quas</strong></span> <span class='ocrx_word' id='word_1_129' title='bbox 637 847 652 876; x_wconf 77' lang='lat' dir='ltr'><strong>:i</strong></span> <span class='ocrx_word' id='word_1_130' title='bbox 670 846 717 876; x_wconf 87' lang='lat' dir='ltr'><strong>sui</strong></span> <span class='ocrx_word' id='word_1_131' title='bbox 738 846 776 876; x_wconf 89' lang='lat' dir='ltr'><strong>sit</strong></span> <span class='ocrx_word' id='word_1_132' title='bbox 796 847 876 883; x_wconf 84' lang='lat' dir='ltr'><strong>lena,</strong></span> <span class='ocrx_word' id='word_1_133' title='bbox 898 846 1031 875; x_wconf 81' lang='lat' dir='ltr'><strong>natura?</strong></span> <span class='ocrx_word' id='word_1_134' title='bbox 1068 845 1124 874; x_wconf 86' lang='lat' dir='ltr'><strong>An</strong></span> 
     </span>
     <span class='ocr_line' id='line_1_19' title="bbox 231 889 1125 929; baseline -0.001 -10"><span class='ocrx_word' id='word_1_135' title='bbox 231 895 322 929; x_wconf 83' lang='lat' dir='ltr'><strong>putas</strong></span> <span class='ocrx_word' id='word_1_136' title='bbox 343 890 439 919; x_wconf 86' lang='lat' dir='ltr'><strong>ullam</strong></span> <span class='ocrx_word' id='word_1_137' title='bbox 462 899 524 920; x_wconf 88' lang='lat' dir='ltr'><strong>esse</strong></span> <span class='ocrx_word' id='word_1_138' title='bbox 547 889 625 920; x_wconf 76' lang='lat' dir='ltr'><strong>terra</strong></span> <span class='ocrx_word' id='word_1_139' title='bbox 646 889 784 929; x_wconf 77' lang='lat' dir='ltr'><strong>marique</strong></span> <span class='ocrx_word' id='word_1_140' title='bbox 803 889 950 924; x_wconf 83' lang='lat' dir='ltr'><strong>belluam,</strong></span> <span class='ocrx_word' id='word_1_141' title='bbox 973 898 1042 928; x_wconf 79' lang='lat' dir='ltr'><strong>quae</strong></span> <span class='ocrx_word' id='word_1_142' title='bbox 1062 898 1125 918; x_wconf 82' lang='grc'>11011</span> 
     </span>
     <span class='ocr_line' id='line_1_20' title="bbox 233 931 1125 972; baseline -0.001 -11"><span class='ocrx_word' id='word_1_143' title='bbox 233 932 280 962; x_wconf 85' lang='lat' dir='ltr'><strong>sui</strong></span> <span class='ocrx_word' id='word_1_144' title='bbox 295 933 412 972; x_wconf 79' lang='lat' dir='ltr'><strong>generis</strong></span> <span class='ocrx_word' id='word_1_145' title='bbox 427 932 531 963; x_wconf 57' lang='lat' dir='ltr'><strong>belluis,</strong></span> <span class='ocrx_word' id='word_1_146' title='bbox 545 933 680 962; x_wconf 77' lang='lat' dir='ltr'><strong>maxime</strong></span> <span class='ocrx_word' id='word_1_147' title='bbox 696 933 859 962; x_wconf 83' lang='lat' dir='ltr'><strong>delectetur</strong></span> <span class='ocrx_word' id='word_1_148' title='bbox 873 933 886 962; x_wconf 72' lang='grc' dir='ltr'><strong><em>Ρ</em></strong></span> <span class='ocrx_word' id='word_1_149' title='bbox 925 931 1017 969; x_wconf 74' lang='lat' dir='ltr'><strong>Quod</strong></span> <span class='ocrx_word' id='word_1_150' title='bbox 1034 931 1067 960; x_wconf 86' lang='grc'><strong>111</strong></span> <span class='ocrx_word' id='word_1_151' title='bbox 1082 931 1125 961; x_wconf 86' lang='lat' dir='ltr'><strong>ita</strong></span> 
     </span>
     <span class='ocr_line' id='line_1_21' title="bbox 233 974 1123 1016; baseline -0.002 -11"><span class='ocrx_word' id='word_1_152' title='bbox 233 981 320 1013; x_wconf 80' lang='lat' dir='ltr'><strong>esset,</strong></span> <span class='ocrx_word' id='word_1_153' title='bbox 346 985 399 1005; x_wconf 89' lang='lat' dir='ltr'><strong>cur</strong></span> <span class='ocrx_word' id='word_1_154' title='bbox 417 985 478 1006; x_wconf 82' lang='lat' dir='ltr'><strong>non</strong></span> <span class='ocrx_word' id='word_1_155' title='bbox 501 976 622 1016; x_wconf 82' lang='lat' dir='ltr'><strong>gestiret</strong></span> <span class='ocrx_word' id='word_1_156' title='bbox 645 982 750 1005; x_wconf 84' lang='lat' dir='ltr'><strong>taurus</strong></span> <span class='ocrx_word' id='word_1_157' title='bbox 770 986 856 1015; x_wconf 82' lang='lat' dir='ltr'><strong>equae</strong></span> <span class='ocrx_word' id='word_1_158' title='bbox 879 974 1123 1012; x_wconf 77' lang='lat' dir='ltr'><strong>contrectatione,</strong></span> 
     </span>
     <span class='ocr_line' id='line_1_22' title="bbox 233 1017 1125 1059; baseline -0.002 -11"><span class='ocrx_word' id='word_1_159' title='bbox 233 1028 330 1058; x_wconf 85' lang='lat' dir='ltr'><strong>equus</strong></span> <span class='ocrx_word' id='word_1_160' title='bbox 346 1029 442 1049; x_wconf 78' lang='lat' dir='ltr'><strong>vaecae</strong></span> <span class='ocrx_word' id='word_1_161' title='bbox 457 1021 470 1049; x_wconf 73' lang='grc' dir='ltr'><em>Ρ</em></span> <span class='ocrx_word' id='word_1_162' title='bbox 493 1019 548 1048; x_wconf 91' lang='lat' dir='ltr'><strong>An</strong></span> <span class='ocrx_word' id='word_1_163' title='bbox 564 1025 597 1048; x_wconf 92' lang='lat' dir='ltr'><strong>tu</strong></span> <span class='ocrx_word' id='word_1_164' title='bbox 613 1019 761 1059; x_wconf 76' lang='lat' dir='ltr'>aquilam.</span> <span class='ocrx_word' id='word_1_165' title='bbox 778 1024 831 1048; x_wconf 87' lang='lat' dir='ltr'><strong>aut</strong></span> <span class='ocrx_word' id='word_1_166' title='bbox 845 1018 975 1054; x_wconf 82' lang='lat' dir='ltr'><strong>leonem,</strong></span> <span class='ocrx_word' id='word_1_167' title='bbox 992 1022 1046 1046; x_wconf 85' lang='lat' dir='ltr'><strong>aut</strong></span> <span class='ocrx_word' id='word_1_168' title='bbox 1061 1017 1125 1046; x_wconf 88' lang='lat' dir='ltr'><strong>del-</strong></span> 
     </span>
     <span class='ocr_line' id='line_1_23' title="bbox 233 1060 1126 1101; baseline -0.001 -11"><span class='ocrx_word' id='word_1_169' title='bbox 233 1061 376 1100; x_wconf 89' lang='lat' dir='ltr'><strong>phinum,</strong></span> <span class='ocrx_word' id='word_1_170' title='bbox 393 1062 489 1092; x_wconf 77' lang='lat' dir='ltr'><strong>ullam</strong></span> <span class='ocrx_word' id='word_1_171' title='bbox 505 1062 651 1092; x_wconf 82' lang='lat' dir='ltr'><strong>anteferre</strong></span> <span class='ocrx_word' id='word_1_172' title='bbox 667 1072 767 1092; x_wconf 85' lang='lat' dir='ltr'><strong>censes</strong></span> <span class='ocrx_word' id='word_1_173' title='bbox 782 1062 913 1101; x_wconf 81' lang='lat' dir='ltr'><strong>figuram</strong></span> <span class='ocrx_word' id='word_1_174' title='bbox 925 1070 987 1089; x_wconf 80' lang='lat' dir='ltr'><strong>suae</strong></span> <span class='ocrx_word' id='word_1_175' title='bbox 1002 1062 1015 1091; x_wconf 69' lang='grc' dir='ltr'><strong><em>Ρ</em></strong></span> <span class='ocrx_word' id='word_1_176' title='bbox 1039 1060 1126 1097; x_wconf 78' lang='lat' dir='ltr'><strong>Quid</strong></span> 
     </span>
     <span class='ocr_line' id='line_1_24' title="bbox 233 1102 1125 1143; baseline -0.001 -10"><span class='ocrx_word' id='word_1_177' title='bbox 233 1103 327 1143; x_wconf 78' lang='lat' dir='ltr'><strong>igitur</strong></span> <span class='ocrx_word' id='word_1_178' title='bbox 346 1104 473 1141; x_wconf 84' lang='lat' dir='ltr'><strong>mirum,</strong></span> <span class='ocrx_word' id='word_1_179' title='bbox 497 1105 523 1134; x_wconf 88' lang='lat' dir='ltr'><strong>si</strong></span> <span class='ocrx_word' id='word_1_180' title='bbox 546 1105 602 1135; x_wconf 89' lang='lat' dir='ltr'><strong>hoc</strong></span> <span class='ocrx_word' id='word_1_181' title='bbox 624 1104 729 1134; x_wconf 83' lang='lat' dir='ltr'><strong>eodem</strong></span> <span class='ocrx_word' id='word_1_182' title='bbox 755 1104 846 1134; x_wconf 88' lang='lat' dir='ltr'><strong>modo</strong></span> <span class='ocrx_word' id='word_1_183' title='bbox 872 1102 990 1133; x_wconf 80' lang='lat' dir='ltr'><strong>homini</strong></span> <span class='ocrx_word' id='word_1_184' title='bbox 1014 1108 1125 1133; x_wconf 81' lang='lat' dir='ltr'><strong>natura</strong></span> 
     </span>
     <span class='ocr_line' id='line_1_25' title="bbox 233 1146 1126 1188; baseline -0.001 -12"><span class='ocrx_word' id='word_1_185' title='bbox 233 1147 426 1188; x_wconf 62' lang='lat' dir='ltr'><strong>praescripsit,</strong></span> <span class='ocrx_word' id='word_1_186' title='bbox 440 1153 475 1178; x_wconf 90' lang='lat' dir='ltr'><strong>ut</strong></span> <span class='ocrx_word' id='word_1_187' title='bbox 490 1147 565 1177; x_wconf 78' lang='lat' dir='ltr'><strong>nihi-l</strong></span> <span class='ocrx_word' id='word_1_188' title='bbox 581 1148 739 1188; x_wconf 87' lang='lat' dir='ltr'><strong>pulchrius</strong></span> <span class='ocrx_word' id='word_1_189' title='bbox 754 1157 848 1188; x_wconf 76' lang='lat' dir='ltr'><strong>quam</strong></span> <span class='ocrx_word' id='word_1_190' title='bbox 863 1146 1020 1176; x_wconf 78' lang='lat' dir='ltr'><strong>hominen]</strong></span> <span class='ocrx_word' id='word_1_191' title='bbox 1036 1152 1126 1186; x_wconf 84' lang='lat' dir='ltr'><strong>put-a-</strong></span> 
     </span>
     <span class='ocr_line' id='line_1_26' title="bbox 233 1189 1128 1227; baseline -0.003 -6"><span class='ocrx_word' id='word_1_192' title='bbox 233 1195 290 1227; x_wconf 82' lang='lat' dir='ltr'><strong>ret,</strong></span> <span class='ocrx_word' id='word_1_193' title='bbox 318 1200 385 1220; x_wconf 82' lang='lat' dir='ltr'><strong>eam</strong></span> <span class='ocrx_word' id='word_1_194' title='bbox 408 1201 470 1221; x_wconf 86' lang='lat' dir='ltr'><strong>esse</strong></span> <span class='ocrx_word' id='word_1_195' title='bbox 492 1201 625 1227; x_wconf 79' lang='lat' dir='ltr'><strong>causam,</strong></span> <span class='ocrx_word' id='word_1_196' title='bbox 649 1201 702 1221; x_wconf 91' lang='lat' dir='ltr'><strong>cur</strong></span> <span class='ocrx_word' id='word_1_197' title='bbox 725 1190 807 1220; x_wconf 80' lang='lat' dir='ltr'><strong>Deos</strong></span> <span class='ocrx_word' id='word_1_198' title='bbox 830 1189 992 1220; x_wconf 82' lang='lat' dir='ltr'><strong>hominum</strong></span> <span class='ocrx_word' id='word_1_199' title='bbox 1015 1189 1128 1219; x_wconf 81' lang='lat' dir='ltr'><strong>similes</strong></span> 
     </span>
     <span class='ocr_line' id='line_1_27' title="bbox 234 1232 1127 1273; baseline 0 -12"><span class='ocrx_word' id='word_1_200' title='bbox 234 1236 436 1273; x_wconf 79' lang='lat' dir='ltr'><strong>putaremus?</strong></span> <span class='ocrx_word' id='word_1_201' title='bbox 460 1233 546 1271; x_wconf 80' lang='lat' dir='ltr'><strong>Quid</strong></span> <span class='ocrx_word' id='word_1_202' title='bbox 571 1244 681 1271; x_wconf 87' lang='lat' dir='ltr'><strong>censes,</strong></span> <span class='ocrx_word' id='word_1_203' title='bbox 704 1234 728 1264; x_wconf 89' lang='lat' dir='ltr'><strong>si</strong></span> <span class='ocrx_word' id='word_1_204' title='bbox 750 1233 825 1263; x_wconf 76' lang='lat' dir='ltr'><strong>ratio</strong></span> <span class='ocrx_word' id='word_1_205' title='bbox 849 1238 923 1263; x_wconf 85' lang='lat' dir='ltr'><strong>esset</strong></span> <span class='ocrx_word' id='word_1_206' title='bbox 941 1232 973 1261; x_wconf 88' lang='lat' dir='ltr'><strong>in</strong></span> <span class='ocrx_word' id='word_1_207' title='bbox 991 1232 1127 1262; x_wconf 76' lang='lat' dir='ltr'><strong>belluis?</strong></span> 
     </span>
     <span class='ocr_line' id='line_1_28' title="bbox 235 1275 1127 1317; baseline -0.001 -10"><span class='ocrx_word' id='word_1_208' title='bbox 235 1284 295 1307; x_wconf 80' lang='lat' dir='ltr'><strong>non</strong></span> <span class='ocrx_word' id='word_1_209' title='bbox 313 1286 367 1305; x_wconf 90' lang='lat' dir='ltr'><strong>suo</strong></span> <span class='ocrx_word' id='word_1_210' title='bbox 382 1287 518 1317; x_wconf 83' lang='lat' dir='ltr'><strong>quasque</strong></span> <span class='ocrx_word' id='word_1_211' title='bbox 533 1277 635 1317; x_wconf 81' lang='lat' dir='ltr'><strong>generi</strong></span> <span class='ocrx_word' id='word_1_212' title='bbox 650 1277 820 1317; x_wconf 73' lang='lat' dir='ltr'><strong>plurimun]</strong></span> <span class='ocrx_word' id='word_1_213' title='bbox 833 1276 998 1305; x_wconf 80' lang='lat' dir='ltr'><strong>tributuras</strong></span> <span class='ocrx_word' id='word_1_214' title='bbox 1010 1275 1102 1305; x_wconf 85' lang='lat' dir='ltr'><strong>fuisse</strong></span> <span class='ocrx_word' id='word_1_215' title='bbox 1113 1277 1127 1306; x_wconf 83' lang='lat'>?</span> 
     </span>
    </p>

    <p class='ocr_par' dir='ltr' id='par_1_4' title="bbox 234 1318 1132 1747">
     <span class='ocr_line' id='line_1_29' title="bbox 278 1318 1129 1360; baseline -0.001 -12"><span class='ocrx_word' id='word_1_216' title='bbox 278 1318 447 1349; x_wconf 82' lang='lat' dir='ltr'><strong>XXVIII.</strong></span> <span class='ocrx_word' id='word_1_217' title='bbox 471 1323 528 1357; x_wconf 85' lang='lat' dir='ltr'><strong>At,</strong></span> <span class='ocrx_word' id='word_1_218' title='bbox 550 1320 733 1357; x_wconf 77' lang='lat' dir='ltr'><strong>mehercule,</strong></span> <span class='ocrx_word' id='word_1_219' title='bbox 758 1330 813 1360; x_wconf 89' lang='lat' dir='ltr'><strong>ego</strong></span> <span class='ocrx_word' id='word_1_220' title='bbox 838 1319 950 1352; x_wconf 84' lang='lat' dir='ltr'><strong>(dicam</strong></span> <span class='ocrx_word' id='word_1_221' title='bbox 977 1318 1070 1355; x_wconf 86' lang='lat' dir='ltr'><strong>enim,</strong></span> <span class='ocrx_word' id='word_1_222' title='bbox 1094 1324 1129 1348; x_wconf 91' lang='lat' dir='ltr'><strong>ut</strong></span> 
     </span>
     <span class='ocr_line' id='line_1_30' title="bbox 235 1361 1130 1404; baseline -0.001 -13"><span class='ocrx_word' id='word_1_223' title='bbox 235 1361 343 1399; x_wconf 85' lang='lat' dir='ltr'><strong>sentio)</strong></span> <span class='ocrx_word' id='word_1_224' title='bbox 360 1363 500 1403; x_wconf 87' lang='lat' dir='ltr'><strong>quamvis</strong></span> <span class='ocrx_word' id='word_1_225' title='bbox 515 1373 615 1393; x_wconf 75' lang='lat' dir='ltr'><strong>ameni</strong></span> <span class='ocrx_word' id='word_1_226' title='bbox 628 1363 692 1404; x_wconf 82' lang='lat' dir='ltr'><strong>ipse</strong></span> <span class='ocrx_word' id='word_1_227' title='bbox 703 1373 764 1400; x_wconf 83' lang='lat' dir='ltr'><strong>me,</strong></span> <span class='ocrx_word' id='word_1_228' title='bbox 782 1368 883 1392; x_wconf 81' lang='lat' dir='ltr'><strong>tamen</strong></span> <span class='ocrx_word' id='word_1_229' title='bbox 899 1371 960 1391; x_wconf 81' lang='lat' dir='ltr'><strong>non</strong></span> <span class='ocrx_word' id='word_1_230' title='bbox 971 1361 1067 1391; x_wconf 73' lang='lat' dir='ltr'><strong>audeo</strong></span> <span class='ocrx_word' id='word_1_231' title='bbox 1084 1361 1130 1390; x_wconf 88' lang='lat' dir='ltr'><strong>di-</strong></span> 
     </span>
     <span class='ocr_line' id='line_1_31' title="bbox 235 1404 1127 1447; baseline -0.001 -13"><span class='ocrx_word' id='word_1_232' title='bbox 235 1414 312 1442; x_wconf 88' lang='lat' dir='ltr'><strong>cere,</strong></span> <span class='ocrx_word' id='word_1_233' title='bbox 336 1406 539 1446; x_wconf 84' lang='lat' dir='ltr'><strong>pulchriorem</strong></span> <span class='ocrx_word' id='word_1_234' title='bbox 562 1417 624 1436; x_wconf 82' lang='lat' dir='ltr'><strong>esse</strong></span> <span class='ocrx_word' id='word_1_235' title='bbox 644 1417 704 1443; x_wconf 87' lang='lat' dir='ltr'><strong>me,</strong></span> <span class='ocrx_word' id='word_1_236' title='bbox 722 1416 816 1447; x_wconf 85' lang='lat' dir='ltr'><strong>quam</strong></span> <span class='ocrx_word' id='word_1_237' title='bbox 839 1405 891 1435; x_wconf 90' lang='lat' dir='ltr'><strong>ille</strong></span> <span class='ocrx_word' id='word_1_238' title='bbox 905 1404 997 1434; x_wconf 77' lang='lat' dir='ltr'><strong>fuerit</strong></span> <span class='ocrx_word' id='word_1_239' title='bbox 1013 1413 1127 1441; x_wconf 76' lang='lat' dir='ltr'><strong>taurus,</strong></span> 
     </span>
     <span class='ocr_line' id='line_1_32' title="bbox 236 1447 1129 1489; baseline 0.001 -12"><span class='ocrx_word' id='word_1_240' title='bbox 236 1448 291 1488; x_wconf 89' lang='lat' dir='ltr'><strong>qui</strong></span> <span class='ocrx_word' id='word_1_241' title='bbox 306 1449 388 1478; x_wconf 83' lang='lat' dir='ltr'><strong>vexit</strong></span> <span class='ocrx_word' id='word_1_242' title='bbox 402 1449 571 1489; x_wconf 80' lang='lat' dir='ltr'><strong>Europam.</strong></span> <span class='ocrx_word' id='word_1_243' title='bbox 610 1450 684 1479; x_wconf 87' lang='lat' dir='ltr'><strong>Non</strong></span> <span class='ocrx_word' id='word_1_244' title='bbox 701 1449 781 1479; x_wconf 88' lang='lat' dir='ltr'><strong>enim</strong></span> <span class='ocrx_word' id='word_1_245' title='bbox 797 1448 853 1478; x_wconf 91' lang='lat' dir='ltr'><strong>hoc</strong></span> <span class='ocrx_word' id='word_1_246' title='bbox 868 1448 934 1478; x_wconf 90' lang='lat' dir='ltr'><strong>loco</strong></span> <span class='ocrx_word' id='word_1_247' title='bbox 948 1447 985 1478; x_wconf 88' lang='lat' dir='ltr'><strong>de</strong></span> <span class='ocrx_word' id='word_1_248' title='bbox 1000 1447 1129 1487; x_wconf 80' lang='lat' dir='ltr'><strong>ingeniis</strong></span> 
     </span>
     <span class='ocr_line' id='line_1_33' title="bbox 236 1490 1129 1531; baseline -0.001 -11"><span class='ocrx_word' id='word_1_249' title='bbox 236 1496 290 1520; x_wconf 86' lang='lat' dir='ltr'><strong>aut</strong></span> <span class='ocrx_word' id='word_1_250' title='bbox 313 1490 350 1521; x_wconf 86' lang='lat' dir='ltr'><strong>de</strong></span> <span class='ocrx_word' id='word_1_251' title='bbox 372 1492 557 1522; x_wconf 82' lang='lat' dir='ltr'><strong>orationibus</strong></span> <span class='ocrx_word' id='word_1_252' title='bbox 580 1493 698 1529; x_wconf 75' lang='lat' dir='ltr'><strong>nostris,</strong></span> <span class='ocrx_word' id='word_1_253' title='bbox 717 1492 768 1522; x_wconf 84' lang='lat' dir='ltr'><strong>sed</strong></span> <span class='ocrx_word' id='word_1_254' title='bbox 791 1492 828 1521; x_wconf 87' lang='lat' dir='ltr'><strong>de</strong></span> <span class='ocrx_word' id='word_1_255' title='bbox 850 1491 947 1531; x_wconf 84' lang='lat' dir='ltr'><strong>specie</strong></span> <span class='ocrx_word' id='word_1_256' title='bbox 969 1490 1129 1530; x_wconf 59' lang='lat' dir='ltr'><strong>figurfique</strong></span> 
     </span>
     <span class='ocr_line' id='line_1_34' title="bbox 237 1533 1129 1576; baseline -0.001 -13"><span class='ocrx_word' id='word_1_257' title='bbox 237 1534 392 1573; x_wconf 81' lang='lat' dir='ltr'><strong>quaeritur.</strong></span> <span class='ocrx_word' id='word_1_258' title='bbox 431 1535 525 1572; x_wconf 87' lang='lat' dir='ltr'><strong>Quod</strong></span> <span class='ocrx_word' id='word_1_259' title='bbox 546 1536 570 1566; x_wconf 89' lang='lat' dir='ltr'><strong>si</strong></span> <span class='ocrx_word' id='word_1_260' title='bbox 585 1535 698 1576; x_wconf 84' lang='lat' dir='ltr'><strong>fingere</strong></span> <span class='ocrx_word' id='word_1_261' title='bbox 714 1535 811 1572; x_wconf 78' lang='lat' dir='ltr'><strong>nobis,</strong></span> <span class='ocrx_word' id='word_1_262' title='bbox 829 1541 859 1564; x_wconf 89' lang='lat' dir='ltr'><strong>et</strong></span> <span class='ocrx_word' id='word_1_263' title='bbox 871 1535 999 1574; x_wconf 81' lang='lat' dir='ltr'><strong>jungere</strong></span> <span class='ocrx_word' id='word_1_264' title='bbox 1015 1533 1129 1563; x_wconf 82' lang='lat' dir='ltr'><strong>formas</strong></span> 
     </span>
     <span class='ocr_line' id='line_1_35' title="bbox 237 1576 1128 1618; baseline -0.001 -12"><span class='ocrx_word' id='word_1_265' title='bbox 237 1576 387 1614; x_wconf 77' lang='lat' dir='ltr'><strong>velimus3</strong></span> <span class='ocrx_word' id='word_1_266' title='bbox 412 1578 510 1618; x_wconf 74' lang='lat' dir='ltr'><strong>qualis</strong></span> <span class='ocrx_word' id='word_1_267' title='bbox 525 1579 576 1609; x_wconf 84' lang='lat' dir='ltr'><strong>ille</strong></span> <span class='ocrx_word' id='word_1_268' title='bbox 592 1579 763 1608; x_wconf 76' lang='lat' dir='ltr'><strong>maritimus</strong></span> <span class='ocrx_word' id='word_1_269' title='bbox 779 1577 889 1608; x_wconf 84' lang='lat' dir='ltr'><strong>Triton</strong></span> <span class='ocrx_word' id='word_1_270' title='bbox 905 1577 1052 1617; x_wconf 84' lang='lat' dir='ltr'><strong>pingitur,</strong></span> <span class='ocrx_word' id='word_1_271' title='bbox 1074 1586 1128 1606; x_wconf 75' lang='lat' dir='ltr'><strong>na-</strong></span> 
     </span>
     <span class='ocr_line' id='line_1_36' title="bbox 235 1619 1128 1661; baseline 0.001 -13"><span class='ocrx_word' id='word_1_272' title='bbox 235 1619 370 1650; x_wconf 80' lang='lat' dir='ltr'><strong>tantibus</strong></span> <span class='ocrx_word' id='word_1_273' title='bbox 386 1621 530 1651; x_wconf 88' lang='lat' dir='ltr'><strong>invehens</strong></span> <span class='ocrx_word' id='word_1_274' title='bbox 544 1622 665 1659; x_wconf 85' lang='lat' dir='ltr'><strong>belluis,</strong></span> <span class='ocrx_word' id='word_1_275' title='bbox 683 1621 833 1661; x_wconf 80' lang='lat' dir='ltr'><strong>adjunctis</strong></span> <span class='ocrx_word' id='word_1_276' title='bbox 848 1621 984 1650; x_wconf 83' lang='lat' dir='ltr'><strong>humano</strong></span> <span class='ocrx_word' id='word_1_277' title='bbox 1000 1619 1128 1660; x_wconf 83' lang='lat' dir='ltr'><strong>corpori,</strong></span> 
     </span>
     <span class='ocr_line' id='line_1_37' title="bbox 235 1662 1128 1695; baseline 0 -4"><span class='ocrx_word' id='word_1_278' title='bbox 235 1662 312 1692; x_wconf 78' lang='lat' dir='ltr'><strong>noh&#39;s</strong></span> <span class='ocrx_word' id='word_1_279' title='bbox 325 1674 386 1694; x_wconf 86' lang='lat' dir='ltr'><strong>esse</strong></span> <span class='ocrx_word' id='word_1_280' title='bbox 398 1666 411 1695; x_wconf 83' lang='lat'><em>?</em></span> <span class='ocrx_word' id='word_1_281' title='bbox 435 1664 562 1695; x_wconf 88' lang='lat' dir='ltr'><strong>Difficili</strong></span> <span class='ocrx_word' id='word_1_282' title='bbox 576 1665 608 1694; x_wconf 93' lang='lat' dir='ltr'><strong>in</strong></span> <span class='ocrx_word' id='word_1_283' title='bbox 620 1666 685 1695; x_wconf 89' lang='lat' dir='ltr'><strong>loco</strong></span> <span class='ocrx_word' id='word_1_284' title='bbox 701 1675 809 1695; x_wconf 86' lang='lat' dir='ltr'><strong>versor.</strong></span> <span class='ocrx_word' id='word_1_285' title='bbox 834 1664 891 1694; x_wconf 81' lang='lat' dir='ltr'><strong>Est</strong></span> <span class='ocrx_word' id='word_1_286' title='bbox 904 1663 985 1693; x_wconf 81' lang='lat' dir='ltr'><strong>enim</strong></span> <span class='ocrx_word' id='word_1_287' title='bbox 1002 1662 1045 1692; x_wconf 84' lang='lat' dir='ltr'><strong>vis</strong></span> <span class='ocrx_word' id='word_1_288' title='bbox 1062 1668 1128 1692; x_wconf 73' lang='lat' dir='ltr'><strong>tan-</strong></span> 
     </span>
     <span class='ocr_line' id='line_1_38' title="bbox 234 1705 1132 1747; baseline 0 -9"><span class='ocrx_word' id='word_1_289' title='bbox 234 1710 267 1738; x_wconf 62' lang='grc' dir='ltr'><strong>ΐῑ.</strong></span> <span class='ocrx_word' id='word_1_290' title='bbox 280 1711 408 1747; x_wconf 72' lang='lat' dir='ltr'><strong>naturae,</strong></span> <span class='ocrx_word' id='word_1_291' title='bbox 425 1714 459 1738; x_wconf 89' lang='lat' dir='ltr'><strong>ut</strong></span> <span class='ocrx_word' id='word_1_292' title='bbox 474 1708 566 1740; x_wconf 86' lang='lat' dir='ltr'><strong>homo</strong></span> <span class='ocrx_word' id='word_1_293' title='bbox 586 1718 677 1740; x_wconf 85' lang='lat' dir='ltr'><strong>nemo</strong></span> <span class='ocrx_word' id='word_1_294' title='bbox 698 1708 769 1739; x_wconf 82' lang='lat' dir='ltr'><strong>velit</strong></span> <span class='ocrx_word' id='word_1_295' title='bbox 789 1707 847 1738; x_wconf 74' lang='lat' dir='ltr'><strong>nisi</strong></span> <span class='ocrx_word' id='word_1_296' title='bbox 864 1705 996 1736; x_wconf 83' lang='lat' dir='ltr'><strong>hominis</strong></span> <span class='ocrx_word' id='word_1_297' title='bbox 1019 1705 1132 1738; x_wconf 75' lang='lat' dir='ltr'><strong>similis,</strong></span> 
     </span>
    </p>
   </div>
   <div class='ocr_carea' id='block_1_3' title="bbox 1219 0 1226 609">
    <p class='ocr_par' dir='ltr' id='par_1_5' title="bbox 1219 0 1226 609">
     <span class='ocr_line' id='line_1_39' title="bbox 1219 0 1226 609; baseline 0 0"><span class='ocrx_word' id='word_1_298' title='bbox 1219 0 1226 609; x_wconf 95' lang='lat' dir='ltr'><strong> </strong></span> 
     </span>
    </p>
   </div>
  </div>
 </body>
</html>
