1226 1935
254 39 317 71 DE
341 39 539 78 FINIBUS,
563 39 643 70 Lm.
660 39 726 70 III.
751 38 834 70 CAP.
854 40 903 71 18.
983 39 1025 71 23

128 124 252 159 sentior.
277 125 341 163 Qui
354 131 454 156 autem
466 132 534 166 post
546 136 594 156 eos
606 125 741 163 fuerunt,
754 136 824 156 cum
838 125 1026 156 Carneadem

133 168 279 199 sustinere
300 178 360 199 non
377 174 508 209 possent
525 169 603 198 hanc
619 172 725 209 (quam
747 168 824 205 dixi)
846 170 957 198 bonam
980 169 1026 198 fa-

134 221 231 248 mam,
253 212 349 252 ipsam
371 217 492 252 propter
513 222 544 242 se
570 211 761 252 praepositam
786 218 814 242 et
844 221 948 241 sume!
953 211 980 240 d
983 221 1024 241 un

133 264 196 284 esse
211 254 373 289 dixerunt;
398 264 520 295 esseque
535 254 689 284 hominis
681 254 805 294 lngenui
822 260 850 284 et
862 254 1026 284 liberaliter

134 296 263 335 educati,
278 297 353 327 velle
365 298 441 327 bene
456 297 559 327 audire
572 308 589 327 a
605 298 790 338 parentibus,
804 308 821 327 a
830 297 1023 345 propinquis,

132 349 151 369 a
169 339 255 370 bonis
276 340 367 370 etiam
388 339 468 377 viris,
490 340 582 380 idque
602 345 723 380 propter
744 350 806 370 rem
828 340 938 380 ipsam,
963 349 1023 369 non

131 388 254 423 propter
268 393 378 412 usum:
403 382 580 423 dicuntque,
605 389 639 412 ut
657 382 758 412 liberis
779 383 952 413 consultum
974 392 1024 412 ve-

130 425 235 463 limus,
259 425 350 455 etiam
372 426 396 455 si
417 425 550 466 postumi
571 425 667 455 futuri
688 425 758 461 sint,
782 431 904 466 propter
923 425 1023 466 ipsos;

130 467 172 497 sic
196 468 307 498 futurae
330 474 397 509 post
421 474 550 499 mortem
574 468 665 498 famae
689 474 790 498 tamen
815 479 878 499 esse
901 474 1024 509 propter

130 520 207 547 rem,
224 510 315 541 etiam
332 511 463 542 detracto
478 522 547 549 usu,
565 511 794 542 consulendum.

174 553 245 590 Sed,
272 564 353 591 cum,
376 554 458 595 quod
478 554 639 584 honestum
661 554 709 591 sit,
735 554 766 584 id
788 554 885 584 solum
906 554 1023 583 bonum

131 607 193 627 esse
208 597 364 632 dicamus:
382 603 615 628 consentaneum
632 603 733 627 tamen
749 603 792 627 est
808 597 896 637 fungi
911 597 1021 634 officio,

130 650 201 670 cum
217 639 249 669 id
269 640 400 670 officium
418 650 472 671 nec
487 640 518 670 in
534 640 620 670 bonis
636 650 785 681 ponamus
807 650 861 670 nec
876 640 906 669 in
923 639 1022 670 malis.

130 682 189 713 Est
204 683 285 713 enirn
301 682 417 723 aliquid
440 683 471 713 in
492 683 539 713 his
559 684 648 714 rebus
668 683 834 724 probabile,
852 689 881 713 et
897 682 1022 723 quidem

128 725 183 762 ita,
201 732 236 756 ut
251 726 315 765 ejus
331 726 406 755 ratio
422 726 506 756 reddi
518 726 629 767 possit:
655 737 737 766 ergo,
754 732 788 756 ut
804 726 894 756 etiam
911 727 1016 765 proba-

129 768 230 798 biliter
249 768 307 798 acti
331 769 407 798 ratio
429 769 513 799 reddi
536 769 639 810 possit.
672 769 730 799 Est
749 774 852 799 autem
874 769 1020 806 officium,

129 811 212 852 quod
235 811 276 841 ita
300 811 415 841 factum
441 818 495 849 est,
519 818 554 842 ut
579 813 643 851 ejus
663 812 734 842 facti
754 811 920 852 probabilis
945 811 1022 842 ratio

129 854 214 884 reddi
234 854 336 895 possit.
371 854 421 885 Ex
438 865 499 895 quo
515 855 704 895 intelligitur,
729 854 861 885 officium
884 854 1021 884 medium

128 897 283 938 quoddam
299 908 372 935 esse,
394 898 476 938 quod
497 908 595 939 neque
616 898 647 927 in
663 897 749 928 bonis
764 904 906 938 ponatur,
923 907 1023 938 neque

128 940 159 970 in
181 940 344 970 contrariis.
378 940 607 982 Quoniamque,
629 941 661 971 i'n
682 940 718 971 iis
733 942 822 970 rebus
838 951 907 981 quae
922 950 1022 980 neque

128 982 160 1013 in
181 983 344 1014 virtutibus
365 990 436 1014 sunt
459 994 558 1025 neque
578 984 609 1013 in
631 983 721 1021 vitiis,
744 989 788 1013 est
808 989 910 1013 tamen
932 983 1022 1024 quid-

127 1025 210 1063 dam,
235 1026 317 1067 quod
332 1027 401 1056 usui
421 1027 514 1067 possit
535 1037 616 1063 esse3
642 1026 810 1058 tollendum
832 1026 863 1056 id
884 1036 945 1056 non
967 1032 1020 1056 est.

127 1068 186 1099 Est
209 1075 312 1099 autem
337 1070 402 1109 ejus
425 1070 542 1110 generis
566 1070 642 1100 actio
666 1080 788 1110 quoque
812 1069 965 1110 quaedam,
992 1075 1021 1099 et

128 1112 253 1153 quidem
269 1112 347 1149 talis,
364 1118 399 1142 ut
414 1113 490 1143 ratio
505 1113 636 1154 postulet
648 1123 735 1153 agere
747 1112 863 1153 aliquid
880 1118 908 1142 et
924 1112 1021 1143 facere

127 1165 241 1186 eorum.
276 1155 369 1193 Quod
389 1162 491 1186 autem
513 1156 628 1186 ratione
649 1162 751 1186 actum
773 1156 821 1192 sit,
838 1155 869 1184 id
885 1155 1019 1185 officium

126 1198 326 1239 appellamus.
359 1198 417 1229 Est
432 1199 525 1239 igitur
545 1199 679 1229 officium
701 1200 765 1238 ejus
786 1198 914 1239 generis,
936 1198 1020 1239 quod

126 1250 181 1272 nec
196 1240 227 1271 in
243 1241 329 1272 bonis
344 1248 485 1282 ponatur,
502 1251 556 1273 nec
571 1242 602 1272 in
619 1241 783 1273 contrariis.

170 1284 303 1315 XVIII.
321 1285 422 1325 Atqui
437 1285 631 1326 perspicuum
647 1285 738 1316 etiam
750 1284 828 1314 illud
841 1290 895 1321 est,
910 1283 941 1313 in
955 1284 1020 1315 istis

126 1328 216 1358 rebus
231 1327 339 1358 mediis
360 1328 474 1369 aliquid
496 1339 583 1369 agere
604 1328 780 1369 sapientem.
813 1327 940 1357 Judicat
961 1327 1020 1367 igi-

126 1375 186 1408 tur,
210 1380 278 1401 cum
304 1371 377 1411 agit,
401 1371 534 1401 officium
554 1372 631 1401 inud
647 1382 729 1406 esse;
754 1370 847 1411 quod,
872 1370 1018 1411 quoniam

125 1423 286 1454 nunquam
301 1413 417 1444 fallitur
437 1414 467 1444 in
489 1414 665 1453 judicando,
683 1414 738 1444 erit
754 1414 784 1443 in
800 1413 908 1443 mediis
929 1414 1018 1443 rebus

125 1456 268 1487 officium.
302 1456 395 1494 Quod
419 1457 545 1488 efficitur
566 1458 657 1488 etiam
682 1457 738 1487 hac
759 1456 950 1487 conclusione
970 1467 1019 1486 ra-

124 1499 222 1530 tionis.
248 1499 404 1537 Quoniam
426 1500 507 1530 enim
526 1500 664 1531 videmus
680 1510 742 1530 esse
758 1499 917 1540 quiddam,
935 1499 1018 1539 quod

124 1549 202 1573 recte
227 1542 341 1574 factum
367 1544 567 1584 appellemus,
594 1544 625 1574 id
652 1549 754 1573 autern
779 1548 823 1573 est
848 1542 1018 1582 perfectum

124 1585 277 1621 officium3
302 1586 357 1616 erit
375 1593 477 1617 autern
493 1587 583 1617 etiam
601 1587 796 1617 inchoatum:
822 1592 866 1621 ut,
884 1585 920 1622 si,
935 1586 1017 1624 juste

124 1627 294 1668 depositum
310 1629 443 1666 reddere,
460 1630 491 1659 in
507 1636 585 1660 recte
600 1630 685 1660 factis
702 1630 759 1664 sit3
784 1628 815 1658 in
837 1628 940 1658 officiis
962 1638 1017 1668 po-

123 1677 224 1708 natur,
237 1671 408 1712 depositum
420 1673 560 1703 reddere:
579 1673 632 1703 illo
645 1673 726 1703 enim
739 1671 853 1709 addito,
868 1671 1018 1711 “justa‘’

126 1712 229 1756 [facit]
240 1720 318 1748 recte
329 1715 444 1747 facttun
455 1727 465 1747 a
488 1727 542 1758 per
551 1727 582 1748 se
592 1722 697 1748 autem
711 1716 768 1747 hoc
777 1715 880 1756 ipsum
894 1715 1018 1745 reddere
