1226 1935
217 81 279 112 224
340 80 462 112 TUSC.
479 80 650 119 QUAEST.
675 81 753 112 Lm.
772 81 831 112 lv.
856 82 938 113 CAP.
956 85 985 114 9.

216 166 340 198 alterius
355 167 514 198 commoda
534 167 610 198 nihil
631 174 767 205 noceant,
791 172 893 198 tamen
914 178 984 198 eum
1005 168 1103 199 doleat

216 211 264 240 his
284 211 356 248 frui,
380 210 404 240 is
425 210 538 241 invidet
558 211 700 251 profecto.
734 211 905 242 [Emulatio
925 218 1027 241 autem
1046 212 1103 242 du-

215 253 333 294 pliciter
347 253 400 284 illa
415 253 539 294 quidem
555 254 675 290 dicitur,
699 261 733 284 ut
748 261 777 285 et
791 254 822 284 in
838 255 928 284 laude
943 260 971 284 et
986 254 1018 284 in
1030 255 1103 284 vitio

215 305 327 327 nomen
348 296 405 327 hoc
425 297 483 327 sit:
508 307 579 327 nam
601 303 629 328 et
649 297 778 327 imitatio
797 298 926 334 virtutis,
950 297 1103 327 aemulatio

214 339 325 370 dicitur
341 339 405 373 (sed
421 340 457 370 ea
472 340 547 370 nihil
562 341 619 370 hoc
634 341 698 371 loco
714 341 849 376 utimur-3
874 346 916 370 est
937 340 1018 370 enim
1036 341 1103 370 lau-

215 382 296 421 dis);
321 388 350 413 et
371 388 415 413 est
435 383 587 413 aemulatio
609 384 766 423 aegritudo,
788 385 813 414 si
835 393 880 420 eo,
896 383 979 425 quod
993 393 1103 414 concu-

214 426 314 466 pierit,
331 426 408 456 alius
423 426 566 466 potiatur,
582 427 645 467 ipse
660 433 767 457 careat.

258 468 446 499 Obtrectatio
466 475 568 499 autem
590 476 633 499 est
653 480 698 507 ea,
721 480 814 510 quam
836 469 966 509 intelligi
990 469 1102 510 zeloty-

213 511 297 552 piam
313 512 392 549 volo,
416 512 564 552 aegritudo
579 522 616 542 ex
632 522 666 542 eo
682 513 764 553 quod
780 513 855 542 alter
870 522 991 553 quoque
1005 513 1102 560 potia-

213 560 264 584 tur
276 565 321 592 eo,
335 554 439 595 quod'
431 565 495 595 ipse
507 555 717 595 concupiverit.
742 555 951 585 Misericordia
962 560 1004 585 est
1016 555 1103 595 aegri-

213 597 288 627 tudo
308 607 345 627 ex
366 597 488 628 miseria
510 598 643 635 alterius,
667 598 780 637 injuria
803 598 987 628 laborantis.
1012 608 1101 628 nemo

213 640 296 670 enim
311 640 467 680 parricidae
487 645 539 670 aut
560 640 718 681 proditoris
733 641 880 681 supplicio
900 640 1102 671 misericordia

213 688 430 713 commovetur.
467 683 588 723 Angor,
614 683 760 723 aegritudo
783 693 931 724 premens.
971 683 1099 721 Luctus,

213 725 361 766 aegritudo
383 736 420 756 ex
441 726 517 765 ejus,
539 726 592 766 qui
613 737 698 756 carus
718 727 820 764 fuerit,
842 726 965 756 interitu
985 727 1100 756 acerbo.

206 768 340 805 >Moeror,
364 769 510 809 aegritudo
526 769 642 799 flebih's.
674 769 839 806 AErumna,
857 768 1003 809 aegritudo
1017 769 1102 799 labo-

210 811 297 842 riosa.
322 811 430 849 Dolor,
448 812 596 852 aegritudo
617 812 761 842 crucians.
787 812 991 849 Lamentatio‚
1014 812 1100 852 aegri-

212 855 287 885 tudo
298 865 369 885 cum
385 855 509 894 ejulatu.
534 855 722 893 Sollicitudo,
739 855 885 896 aegritudo
901 865 971 885 cum
990 855 1101 895 cogita-

212 898 302 928 tione.
341 898 497 936 Molestia,
523 898 669 938 aegritudo
692 908 880 939 permanens.
918 897 1098 935 Affiictatio,

212 941 360 981 aegritudo
380 951 450 971 cum
472 941 629 971 vexatione
644 941 783 982 corporis.
807 941 997 981 Desperatio,
1015 940 1101 981 aegri-

211 983 286 1014 tudo
301 984 364 1014 sine
384 984 450 1014 ulla
464 994 566 1014 rerum
581 984 801 1025 exspectatione
816 984 986 1014 meliorum.
1019 983 1101 1020 Quae

211 1032 316 1057 autem
332 1027 465 1066 subjecta
480 1032 550 1057 sunt
565 1028 621 1057 sub
636 1033 732 1065 metu,
749 1038 783 1057 ea
798 1027 839 1057 sic
854 1027 1021 1057 definiunt:
1047 1026 1100 1056 Pi-

211 1069 345 1110 gritiam,
369 1075 484 1100 metum
510 1070 718 1111 consequentis
740 1070 868 1100 laboris:
894 1069 1047 1099 Pudorem
1071 1074 1100 1099 et

211 1119 365 1151 terrorem,
382 1120 500 1143 metum
515 1113 748 1151 concutientem,
762 1123 800 1143 ex
815 1123 876 1153 quo
892 1113 936 1149 fit,
954 1118 988 1142 ut
1002 1112 1099 1152 pudo-

211 1166 277 1187 rem
292 1157 395 1194 rubor,
413 1162 554 1186 terrorem
570 1157 667 1196 pallor
682 1162 711 1186 et
725 1162 837 1186 tremor
849 1162 877 1186 et
889 1155 1026 1185 dentium
1038 1165 1100 1185 cre-

210 1199 293 1240 pitus
316 1205 536 1239 consequatur:
561 1199 731 1236 Timorem,
753 1204 871 1229 metum
894 1198 968 1228 mali
990 1208 1100 1238 appro-

211 1242 406 1282 pinquantis:
433 1242 593 1279 Pavorem,
614 1248 732 1273 metum
747 1247 881 1272 mentem
895 1241 961 1272 loco
975 1250 1099 1272 moven-

204 1290 274 1315 tem
291 1287 342 1320 (ex
358 1295 419 1326 quo
434 1285 511 1315 illud
526 1285 633 1322 Ennii,

255 1346 278 1362 ‘⁶
295 1344 380 1375 Tum
395 1355 488 1385 pavor
503 1345 682 1385 sapientiam
697 1354 820 1375 omnem
841 1343 918 1375 mihi
939 1354 976 1375 ex
996 1344 1098 1374 animo

340 1394 513 1429 expectorat
520 1389 540 1402 '⁷
549 1394 560 1427 )
572 1400 580 1418 :

212 1457 493 1496 Exanimationem,
510 1466 626 1491 metum
641 1461 887 1502 subsequentem,
903 1465 933 1491 et
948 1459 1033 1501 quasi
1049 1469 1097 1490 co-

210 1502 316 1532 mitem
337 1502 474 1542 pavoris:
500 1503 781 1541 Conturbationem,
805 1509 923 1534 metum
945 1502 1098 1533 excutien-

210 1549 273 1575 tem
288 1545 418 1585 cogitata
428 1557 436 1575 z
446 1567 451 1572 -
462 1546 682 1585 Formidinem,
698 1552 815 1577 metum
831 1551 1068 1587 permanentem.

258 1587 319 1618 IX.
343 1588 518 1629 Voluptatis
545 1595 646 1619 autem
670 1596 769 1630 partes
795 1589 851 1620 hoc
875 1589 966 1619 modo
991 1588 1101 1619 descri-

211 1631 301 1669 bunt,
324 1636 359 1661 ut
378 1632 590 1662 malevolentia
605 1632 642 1662 sit
657 1633 795 1673 voluptas
816 1643 853 1663 ex
873 1632 954 1662 malo
975 1631 1098 1661 alterius

210 1673 274 1704 sine
289 1675 494 1705 emolumento
510 1686 582 1705 5ιιο·
602 1675 780 1713 Delectatio,
797 1676 936 1716 voluptas
952 1674 1097 1705 suavitate

211 1716 331 1747 auditos
352 1718 489 1748 animum
511 1718 681 1749 deleniens.
706 1725 746 1754 et,
770 1719 868 1759 qualis
892 1724 936 1749 est
955 1718 1019 1747 haec
1042 1728 1098 1747 au-

210 1758 303 1798 rium,
327 1761 399 1792 tales
421 1768 490 1792 sunt
511 1762 679 1800 oculorum,
704 1768 732 1794 et
748 1762 924 1801 tactionum,
949 1768 978 1792 et
992 1760 1096 1791 odora-
