1180 1935
140 45 202 78 DE
226 46 333 78 NAT.
357 46 495 78 DEOR.
519 45 597 78 Lm.
616 47 662 79 11.
686 49 769 80 CAP.
784 50 835 81 65.
876 51 939 88 397

55 132 194 163 cundius.
217 131 303 170 Quid
318 132 546 164 multitudinem
562 134 801 176 suavitatemque
811 136 941 176 piscium

55 175 175 205 dicam?
197 176 271 217 quid
286 176 388 206 avium
398 178 412 206 ?
436 186 473 206 ex
489 176 600 216 quibus
612 182 695 207 tanta
710 179 873 219 percipitur
888 190 941 210 vo-

54 218 166 258 luptas,
188 225 222 248 ut
241 218 394 249 interdum
416 218 545 249 Pronoea
564 225 665 249 nostra
680 221 831 260 Epicurea
848 222 940 253 fuisse

54 260 201 292 videatur.
232 262 338 302 Atque
353 261 400 291 hae
415 271 453 291 ne
468 267 644 301 caperentur
659 263 795 302 quidem,
812 264 870 295 nisi
884 264 941 295 ho-

55 303 175 334 minum
200 305 314 334 ratione
343 310 434 345 atque
463 305 594 334 sollertia
608 316 615 334 ε
652 315 840 346 quamquam
870 318 940 339 aves

54 347 214 387 quasdam,
230 352 260 377 et
275 346 370 384 alites,
387 353 416 377 et
430 347 543 377 oscines
565 349 613 381 (ut
633 348 726 377 nostri
741 359 870 388 augures
886 361 939 391 ap-

54 389 194 429 pellant),
211 400 313 420 rerum
327 389 575 430 augurandarum
591 390 680 421 causa
695 401 757 421 esse
777 397 862 422 natas
882 403 940 434 pu.

54 437 164 463 tamus.

95 475 172 506 Jam
194 485 264 506 vero
283 474 431 506 immanes
451 481 481 506 et
501 475 578 506 feras
597 476 714 507 belluas
736 476 938 509 nanciscimur

54 518 202 556 venando,
224 524 259 548 ut
280 524 308 548 et
331 529 486 549 vescamur
507 518 554 555 iis,
576 524 605 549 et
624 529 815 550 exerceamur
835 521 867 550 in
888 532 939 552 ve-

53 561 154 591 nando
166 561 204 591 ad
216 561 445 591 similitudinem
457 561 572 591 bellicae
584 561 760 602 disciplinae,
774 568 803 593 et
814 570 940 595 utamur

53 602 175 634 domitis
190 610 219 634 et
234 604 459 641 condocefaetis,
476 609 511 633 ut
526 604 709 644 elephantis;
729 606 888 647 multaque
900 617 937 637 ex

53 656 158 676 earum
173 646 346 687 corporibus
361 647 492 677 remedia
509 647 623 677 morbis
644 654 673 678 et
689 648 864 679 vulneribus
884 650 938 679 eli-

52 699 171 730 gamus,
188 690 264 720 sicut
279 700 315 720 ex
332 689 514 730 quibusdam
531 689 673 730 stirpibus
689 696 718 720 et
733 690 843 729 herbis,
861 703 937 732 qua-

52 742 122 762 rum
147 733 289 763 utilitates
312 732 472 773 longinqui
496 733 639 773 temporis
659 743 717 763 usu
739 739 768 764 et
786 734 938 774 periclita-

52 775 132 805 tione
157 775 355 816 percepimus.
391 775 505 804 Totam
531 775 600 805 licet
626 776 746 812 animis,
777 781 937 818 tamquam

51 818 156 856 oculis,
181 819 307 848 lustrare
330 824 452 854 terram,
477 817 634 858 mariaque
658 819 785 849 omnia?
824 820 937 851 Cernes

47 862 114 900 jam
130 861 226 902 spatia
239 860 385 901 frugifera
399 866 490 901 atque
505 860 654 890 immensa
669 871 857 902 camporum,
871 872 937 893 ves-

50 904 184 945 titusque
200 903 389 934 densissimos
400 903 563 939 montium,
576 903 728 944 pecudum
740 910 854 944 pastus,
868 911 936 936 tum

50 947 219 977 incredibili
234 957 337 977 cursus
348 946 515 976 maritimos
527 946 685 976 celeritate.
710 947 741 976 Ν
745 957 776 977 ec
787 957 856 978 vero
869 954 936 978 tan.

51 1033 254 1073 plurimarum
269 1042 370 1062 rerum
386 1032 459 1061 latet
479 1032 604 1069 utilitas,
623 1042 702 1072 quae,
720 1032 758 1062 ad
773 1043 864 1063 usum
880 1034 935 1065 ho-

51 1076 171 1106 minum
187 1081 263 1111 orta,
280 1077 318 1105 ab
334 1075 509 1104 hominibus
524 1075 593 1105 solis
607 1075 769 1105 invenitur.

94 1118 198 1148 LXV.
223 1118 308 1148 Illud
323 1128 403 1155 vero,
420 1117 502 1158 quod
522 1124 649 1158 uterque
664 1119 796 1148 vestrum
812 1118 936 1151 fortasse

50 1162 172 1202 arripiet
192 1160 230 1191 ad
247 1160 528 1201 reprehendendum
545 1161 659 1196 (Cotta,
677 1160 750 1201 quia
765 1161 936 1193 Carneades

51 1205 178 1234 libenter
192 1204 224 1234 in
240 1203 354 1234 Stoicos
369 1203 587 1239 invehebatur3
611 1203 757 1242 Velleius,
774 1205 847 1245 quia
858 1205 936 1236 nihil

51 1253 114 1277 tam
130 1247 232 1277 irridet
247 1246 410 1286 EpicuruS,
427 1257 521 1287 quam
536 1246 760 1287 praedictionem
772 1257 873 1278 rerum
885 1249 936 1279 fu-

51 1296 215 1327 turarum),
229 1289 306 1319 mihi
318 1289 435 1319 videtur
446 1290 493 1319 vel
504 1289 639 1319 maxime
650 1289 838 1329 confirmare,
852 1290 935 1322 Deo-

50 1343 120 1363 rum
141 1332 329 1373 providentia
349 1332 464 1362 consuli
482 1333 570 1362 rebus
590 1332 741 1362 humanis.
773 1333 832 1363 Est
852 1334 934 1364 enim

50 1376 182 1416 profecto
197 1375 353 1413 divinatio,
370 1385 439 1416 quae
453 1375 557 1405 multis
572 1374 655 1413 Iocis,
671 1376 770 1413 rebus,
791 1377 935 1417 tempori-

50 1420 108 1449 bus
122 1424 256 1459 apparet,
273 1423 340 1448 tum
354 1418 386 1447 in
402 1417 536 1458 privatis,
553 1423 620 1448 tum
634 1418 770 1448 maxime
784 1418 815 1448 in
830 1419 936 1459 publi-

50 1462 100 1492 cis.
135 1461 240 1491 Multa
255 1466 381 1491 cernunt
394 1461 585 1501 haruspices:
607 1461 706 1491 multa
721 1471 850 1501 augures
865 1472 936 1502 pro-

50 1504 171 1535 vident:
195 1504 295 1533 multa
308 1504 435 1534 oraculis
455 1503 656 1541 declarantur,
675 1504 774 1533 multa
789 1505 935 1535 vaticina-

49 1547 193 1583 tionibus,
220 1547 320 1576 multa
343 1546 477 1585 somniis,
504 1546 602 1576 multa
624 1546 788 1586 portentis3
822 1547 935 1587 quibus

49 1590 187 1631 cognitis,
209 1589 315 1619 multae
334 1599 412 1630 saepe
431 1599 477 1619 res
498 1589 659 1619 hominum
679 1589 827 1619 sententia
841 1596 935 1631 atque

48 1633 179 1663 utilitate
198 1638 303 1673 partae,
325 1633 423 1662 multa
443 1632 535 1662 etiam
555 1632 687 1673 pericula
705 1631 831 1674 depulsa
851 1639 932 1663 sunt.

49 1675 127 1706 Haec
142 1675 245 1715 igitur,
262 1674 323 1705 sive
338 1675 393 1712 vis,
409 1674 470 1705 sive
490 1685 548 1713 ars,
570 1675 631 1705 sive
648 1680 768 1712 natura,
785 1674 823 1705 ad
839 1675 934 1706 scien-

48 1719 124 1749 tiam
139 1727 240 1748 rerum
255 1717 427 1748 futurarum
442 1717 558 1749 homini
573 1717 706 1760 profecto
720 1723 775 1758 est,
791 1727 846 1749 nec
862 1717 933 1758 [ali-

93 1761 242 1800 (Plu'los.)
264 1768 346 1792 voL.
365 1769 422 1792 111.
609 1761 629 1791 2
648 1769 675 1793 Μ
