1180 1935
128 83 190 114 430
235 83 296 116 DE
313 85 420 116 NAT.
437 86 574 117 DEOR.
592 86 670 118 Lm.
684 86 750 117 111.
767 86 850 116 CAP.
863 85 916 115 34.

127 174 236 199 stratus
249 170 256 199 ἱ
274 170 320 200 At
332 171 481 210 Phalaris,
492 178 522 202 at
531 172 748 213 ApollodoruS‚
762 181 864 212 poenas
876 169 1009 200 sustulit.

128 211 241 241 Multis
265 213 388 253 quidem
412 221 481 244 ante
504 215 641 245 cruciatis
664 220 693 245 et
713 215 832 244 necatis.
869 213 912 243 Et
935 223 1011 252 prae-

128 253 220 284 dones
235 256 325 285 multi
341 267 418 297 saepe
433 268 534 297 poenas
549 258 640 287 dant:
665 267 718 287 nec
733 263 834 286 tamen
852 265 1012 296 possumus

128 296 236 334 dicere,
260 308 320 327 non
335 299 436 339 plures
452 300 582 340 captivos
597 301 712 337 acerbe,
735 310 827 339 quam
845 297 1011 339 praedones,

128 345 256 370 necatos.
294 341 514 372 Anaxarchum
539 342 766 372 Democriteum
788 353 806 371 a
829 341 941 382 Cyprio
965 346 1012 380 ty-

127 391 223 412 ranno
239 384 481 414 excarnificatum
497 385 666 425 accepimus
680 396 687 414 :
714 384 866 414 Zenonem
882 384 965 413 Eleae
980 383 1012 411 in

128 426 285 455 tormentis
305 433 455 456 necatum.
489 427 573 465 Quid
589 427 687 457 dicam
708 427 744 456 de
760 427 903 457 Socrate?
927 426 1014 464 cujus

127 467 219 496 morti
238 467 420 509 illacrymari
440 470 530 507 soleo,
556 470 714 499 Platonem
730 470 841 509 legens.
879 468 1013 499 Videsne

127 508 231 548 igitur,
255 510 393 541 Deorum
406 512 531 551 judicio,
549 513 573 543 si
589 512 690 543 vident
705 522 750 542 res
769 512 931 549 humanas,
953 510 1014 540 dis-

126 551 240 582 crimen
257 563 319 583 esse
333 554 488 584 sublatum
499 557 513 586 ?

170 594 332 626 XXXIV.
357 596 509 637 Diogenes
529 597 652 638 quidem
675 597 807 637 Cynicus
827 596 924 626 dicere
939 596 1014 626 sole-

126 637 191 673 bat,
209 637 394 679 Harpalum,
411 640 465 680 qui
480 641 665 681 temporibus
680 640 739 670 illis
754 639 855 680 praedo
871 639 944 669 felix
958 638 1015 668 ha-

127 679 267 719 bebatur,
291 688 394 712 contra
418 683 500 713 Deos
521 683 727 713 testimonium
747 683 854 719 dicere,
877 681 958 722 quod
982 681 1013 710 in

127 721 182 751 illa
193 722 315 754 fortuna
331 730 394 754 tam
409 725 462 755 diu
478 726 598 756 viveret.
631 725 796 766 Dionysius
809 725 859 758 (de
873 734 934 764 quo
946 729 1016 753 ante

127 763 218 803 dixi),
243 776 314 796 cun]
338 767 445 797 fanum
471 769 657 809 Proserpinae
684 768 787 798 Locris
813 767 1014 807 expilavisset,

126 808 290 848 navigabat
305 810 486 850 Syracusas:
510 811 595 852 isque
611 822 681 842 cum
697 810 910 841 secundissimo
925 815 1014 839 vento

127 860 250 881 cursum
260 858 383 888 teneret,
395 853 505 892 ridens,
519 856 541 872 ‘²
553 854 742 891 Videtisne,'’
755 853 865 893 inquit,
880 854 901 869 “
912 851 1014 889 amici,

127 903 223 933 quam
243 895 323 925 bona
338 906 356 925 a
370 896 439 926 Diis
453 896 675 927 immortalibus
694 896 846 935 navigatio
867 894 1018 934 sacrilegis

128 934 262 966 detur?”
293 938 400 979 Atque
418 939 510 969 homo
533 946 649 976 acutus,
673 949 743 969 cuni
767 940 843 969 bene
865 938 1016 978 planeque

127 979 316 1019 percepisset,
339 981 371 1010 in
398 982 503 1012 eadem
527 982 673 1012 sententia
695 982 921 1023 perseverabat:
947 980 1012 1020 qui,

127 1030 199 1051 curn
220 1023 259 1052 ad
275 1023 519 1064 Peloponnesum
539 1025 662 1055 classem
683 1024 857 1065 appulisset,
879 1030 907 1053 et
922 1023 953 1052 in
969 1022 1015 1052 fa„-

128 1073 204 1094 num
229 1065 357 1096 venisset
382 1067 470 1097 Jovis
496 1067 647 1109 Olympii,
679 1077 806 1097 aureum
832 1066 858 1096 ei
884 1065 1015 1095 detraxit

126 1107 308 1145 amiculum,
331 1110 438 1149 grandi
458 1111 599 1151 pondere,
623 1121 684 1151 quo
705 1110 816 1140 Jovem
837 1108 958 1138 ornarat
977 1117 1014 1137 ex

128 1151 281 1181 manubiis
305 1151 600 1192 Carthaginiensium
625 1159 770 1193 tyrannus
790 1152 876 1181 Gelo.
907 1151 1015 1190 Atque

127 1191 160 1222 in
176 1203 211 1223 eo
229 1194 320 1224 etiam
336 1195 491 1225 cavillatus
508 1202 562 1233 est,
586 1201 686 1226 aestate
701 1205 791 1235 grave
806 1205 868 1224 esse
887 1203 1013 1223 aureum

127 1235 307 1275 amiculum,
331 1237 430 1267 hieme
450 1238 617 1278 frigidum3
642 1238 728 1278 eique
742 1238 865 1267 laneum
885 1235 1014 1276 pallium

127 1278 241 1317 injecit,
265 1289 335 1309 cum
359 1280 391 1309 id
411 1291 473 1310 esse
493 1281 531 1310 ad
552 1291 641 1310 omne
662 1280 733 1310 anni
754 1286 873 1319 tempus
894 1278 1014 1308 diceret.

128 1320 278 1362 Idemque
293 1323 463 1363 AEsculapii
484 1323 633 1364 Epidauri
653 1324 778 1353 barbam
794 1332 916 1352 auream
932 1321 1014 1351 demi

124 1364 233 1403 jussit:
258 1374 356 1405 neque
371 1366 451 1395 enim
467 1366 635 1403 convenire,
648 1367 809 1395 barbatum
825 1375 886 1394 esse
901 1364 1013 1401 filium,

128 1417 198 1436 curn
221 1407 253 1436 in
275 1408 416 1438 onmibus
442 1408 520 1438 fanis
545 1414 629 1448 pater
655 1408 798 1438 imberbis
823 1413 906 1437 esset.
938 1406 1013 1436 Jam

128 1459 246 1480 mensas
259 1456 413 1490 argenteas
425 1450 461 1481 de
476 1451 617 1481 onmibus
633 1451 765 1481 delubris
778 1450 866 1488 jussit
882 1448 1012 1484 auferri;

128 1492 159 1521 in
187 1493 298 1532 quibus
322 1493 415 1533 quod,
438 1503 522 1523 more
548 1493 652 1523 veteris
678 1493 812 1529 Graeciae,
835 1491 1013 1531 inscriptum

128 1541 215 1572 esset,
240 1538 262 1552 “
276 1537 436 1564 Bonorum
452 1536 626 1572 Dcormn,''
650 1535 695 1565 uti
716 1546 746 1565 se
762 1545 866 1565 eorum
881 1534 1015 1564 bonitate

128 1577 205 1607 velle
230 1577 356 1608 dicebat.
389 1577 477 1608 Idem
498 1578 677 1608 Victoriolas
697 1588 812 1613 aureas,
836 1584 864 1607 et
884 1583 1014 1617 pateras,

129 1630 323 1660 coronasque,
356 1631 425 1661 qum
451 1621 681 1651 simulacrorum
706 1620 847 1661 porrectis
872 1619 1014 1649 manibus

130 1662 365 1700 sustinebantur,
395 1663 457 1693 sine
483 1663 670 1693 dubitatione
696 1663 839 1698 tollebat3
868 1672 962 1702 eaque
983 1671 1015 1691 se

128 1705 271 1745 accipere,
288 1715 348 1735 non
364 1705 491 1743 auferre,
507 1706 644 1741 diceban
669 1716 730 1736 esse
745 1705 825 1735 enim
841 1704 1012 1740 stultitiam,

129 1758 149 1778 a
167 1747 278 1788 quibus
301 1749 381 1779 bona
403 1759 603 1790 precaremur,
626 1750 665 1780 ab
684 1748 720 1779 iis
740 1747 961 1789 porrigentibus
984 1750 1015 1777 et
