1226 1935
241 95 365 127 TUSC.
382 94 556 133 QUAEsT.
574 95 652 125 Lm.
670 95 709 125 V.
724 95 807 126 CAP.
824 97 876 127 30.
943 98 1002 128 281

132 180 223 218 sidii;
247 181 330 223 quod
354 181 479 222 quidem
504 181 692 212 Carneadem
716 181 872 222 disputare
897 183 1020 214 solitum

131 225 320 266 accepimus:
345 224 397 254 sed
411 225 447 261 is,
464 230 499 254 ut
513 231 617 255 contra
632 225 758 263 Stoicos,
775 235 851 265 quos
866 226 1023 257 studiosis-

131 267 208 298 sime
222 278 340 309 semper
354 267 520 304 refellebat,
534 273 563 298 et
574 273 677 298 contra
688 278 819 308 quorum
832 267 1024 310 disciplinam

130 310 288 351 ingenium
305 311 370 350 ejus
384 316 553 341 exarserat:
570 320 624 341 nos
639 310 717 340 illud
732 310 856 351 quidem
869 322 938 342 cum
951 323 1025 353 pace

133 363 268 393 agemus.
292 354 325 384 Si
341 354 421 384 enim
443 353 536 384 Stoici
556 354 631 384 fines
651 354 801 384 bonorum
823 360 902 384 recte
917 365 1025 396 posue-

134 402 216 434 runt,
240 397 375 427 confecta
398 407 444 428 res
464 402 527 427 est:
552 406 669 426 necesse
690 402 733 426 est
758 406 876 438 semper
899 399 1024 429 beatum

134 449 196 470 esse
212 440 387 481 sapientem.
426 439 486 470 Sed
501 450 674 480 quaeramus
690 449 941 481 unamquamque
957 441 1026 471 reli-

134 493 266 523 quorum
282 483 473 521 sententiam,
491 483 515 512 si
530 483 595 513 fieri
609 488 717 523 potest,
732 489 766 512 ut
778 482 834 513 hoc
845 483 1026 523 praeclarum

132 526 220 566 quasi
240 526 394 556 decretum
414 527 510 556 beatae
525 526 595 556 vitae
609 525 703 566 possit
717 526 857 556 omnium
872 527 1028 558 sententiis

134 574 164 599 et
179 568 344 609 disciplinis
359 569 527 599 convenire.

178 611 288 642 XXX.
312 614 392 643 Sunt
407 618 509 642 autem
524 612 573 642 hae
586 611 624 642 de
639 611 762 649 finibus,
785 617 820 642 ut
841 612 958 653 opinor,
982 623 1029 643 re-

136 660 227 685 tentae
241 655 432 696 defensaeque
447 655 621 686 sententiae:
639 655 774 696 primum
786 655 937 696 simplices
953 667 1029 697 qua-

138 704 226 728 tuor:
251 698 341 728 Nihil
356 700 483 736 bonum,
500 698 558 728 nisi
573 698 745 737 honestum,
763 704 797 728 ut
809 699 920 729 Stoici:
940 699 1029 729 Nihil

138 742 265 778 bonum,
287 741 345 771 nisi
367 742 517 782 voluptas,
540 747 575 771 ut
591 741 763 782 Epicurus:
790 741 877 771 Nihil
900 744 1029 781 bonum,

138 784 197 814 nisi
212 784 344 814 vacuitas
360 784 481 820 doloris,
498 790 533 814 ut
548 784 777 825 Hieronymus:
796 785 885 814 Nihil
900 786 1029 823 bonum,

139 827 197 858 nisi
218 834 334 858 naturae
355 827 460 868 primis
481 827 567 857 bonis
589 832 642 857 aut
663 827 805 857 omnibus
820 834 873 857 aut
887 828 1032 859 maximis

139 870 213 908 frui,
237 876 272 901 ut
293 870 463 901 Carneades
483 876 587 900 contra
607 871 723 900 Stoicos
743 870 915 901 disserebat.
955 871 1032 902 Haec

140 913 234 954 igitur
249 914 417 954 simplicia:
441 914 495 943 illa
514 913 621 943 mixta.
653 913 729 943 Tria
743 923 854 954 genera
868 915 1031 951 bonorum,

140 957 278 987 maxima
297 957 403 994 animi,
426 957 557 987 secunda
576 956 718 997 corporis,
741 963 864 987 externa
884 957 982 995 tertia,
998 963 1034 987 ut

142 1000 334 1040 Peripatetici
345 1011 354 1037 3
372 1010 426 1030 nec
437 1000 536 1030 multo
548 1005 661 1030 veteres
671 999 849 1030 Academici
860 1010 962 1030 secus:
980 1011 1034 1031 vo-

141 1043 291 1084 luptatem
306 1053 377 1073 cum
392 1043 548 1073 honestate
560 1042 771 1073 Dinomachus
787 1049 816 1073 et
828 1043 970 1084 Callipho
985 1054 1034 1073 co-

142 1086 278 1126 pulavit:
303 1086 501 1116 indolentiam
523 1093 625 1116 autem
646 1085 796 1116 honestati
818 1086 1035 1127 Peripateticus

143 1129 296 1160 Diodorus
311 1129 461 1169 adjunxit.
487 1129 547 1159 Hae
567 1135 638 1159 sunt
653 1129 818 1167 sententiae,
836 1140 905 1170 quae
920 1129 1036 1159 stabili-

142 1172 213 1203 tatis
238 1173 355 1214 aliquid
380 1173 531 1202 habeant:
565 1182 637 1202 nam
663 1172 828 1210 Aristonis,
857 1172 1034 1213 Pyrrhonis,

144 1215 267 1253 Herilli,
284 1216 564 1257 nonnullorumque
579 1215 720 1253 aliorum,
737 1221 933 1246 evanuerunt.

188 1259 233 1289 Hi
253 1259 328 1300 quid
343 1258 458 1299 possint
472 1259 617 1296 obtinere,
634 1258 802 1297 videamus,
822 1259 939 1289 omissis
955 1259 1036 1289 Stoi·-

145 1302 197 1340 cis,
221 1312 353 1343 quorum
375 1302 445 1332 satis
465 1301 567 1332 videor
582 1301 749 1332 defendisse
764 1301 954 1332 sententiam.
994 1302 1038 1332 Et

148 1345 416 1386 Peripateticorum
437 1345 562 1385 quidem
577 1345 726 1385 explicata
741 1355 831 1375 causa
851 1350 906 1383 est,
930 1351 1038 1386 praeter

146 1388 406 1429 Theophrastum,
430 1394 458 1418 et
482 1388 507 1418 si
532 1388 596 1429 qui,
618 1387 708 1418 illum
730 1388 834 1424 secuti,
856 1387 1039 1419 imbecillius

146 1432 269 1461 horrent
292 1431 426 1461 dolorem
451 1437 480 1461 et
503 1431 710 1461 reformidant.
749 1431 888 1471 Reliquis
912 1431 1038 1472 quidem

145 1474 217 1505 licet
236 1474 332 1504 facere
346 1474 389 1512 id,
406 1474 489 1515 quod
503 1474 565 1504 fere
579 1474 706 1513 faciunt,
722 1480 758 1504 ut
777 1474 956 1514 gravitatem
972 1474 1039 1515 dig-

147 1518 335 1558 nitatemque
350 1517 467 1547 virtutis
488 1523 679 1558 exaggerent.
712 1517 817 1555 Quam
836 1527 906 1547 cum
927 1517 966 1546 ad
982 1528 1040 1547 coe-

148 1560 216 1590 lum
231 1560 394 1590 extulerint
415 1561 511 1601 (quod
525 1561 622 1591 facere
637 1560 810 1601 eloquentes
831 1560 969 1590 homines
990 1570 1040 1590 co-

149 1603 232 1644 piose
244 1603 364 1640 solent),
380 1603 496 1645 reliqua
508 1614 545 1634 ex
561 1603 718 1634 collatione
732 1603 820 1633 facile
836 1609 879 1633 est
890 1609 1041 1634 conterere

150 1652 242 1687 atque
265 1651 464 1677 contemnere.
496 1647 564 1677 Nec
582 1647 663 1676 enim
684 1647 753 1677 licet
774 1647 820 1682 iis,
843 1647 897 1687 qui
917 1646 1040 1676 laudem

151 1699 221 1720 cum
242 1688 344 1720 dolore
364 1689 524 1729 petendam
546 1700 608 1720 esse
628 1689 740 1725 dicant,
763 1699 884 1730 negare,
905 1699 954 1719 eos
978 1700 1041 1720 esse

151 1733 266 1771 beatos,
289 1732 343 1773 qui
357 1732 442 1763 illam
458 1733 559 1774 adepti
574 1733 642 1765 sint.
667 1732 866 1774 Quamquam
885 1732 966 1764 enim
981 1732 1041 1764 sint

681 1777 701 1805 2
718 1785 738 1806 B
763 1776 783 1805 3
