1226 1935
264 65 386 96 TUSC.
404 31 577 104 QUAESxT.
603 65 682 96 Lm.
697 65 736 96 V.
763 66 846 97 (Ἂν.
863 68 914 97 41.
971 69 1034 99 293

134 156 189 188 est,
213 151 295 192 quod
318 151 356 182 de
378 151 561 192 sapientium
582 152 729 192 perpetu&
749 153 826 183 bene
847 152 966 183 vivendi
981 153 1027 184 fa-

134 194 246 224 cultate
265 193 393 235 dignum
415 193 562 235 quiddam
582 195 832 235 philosophorum
847 206 919 226 voce
934 197 1025 237 profl-

137 242 249 267 tentur.

177 280 248 317 Sed,
262 280 407 321 quoniam
419 289 509 310 mane
521 286 565 310 est
585 280 733 317 eundum
745 280 799 311 has
811 281 948 322 quinque
960 282 1024 313 die-

133 332 202 352 rum
215 322 590 364 disputationesmemoria
601 323 900 364 comprehendamus·
925 324 974 366 Eq
977 326 1024 355 ui-

133 365 209 395 dem
225 376 275 396 me
298 365 390 396 etiam
414 366 653 407 conscripturum
676 366 825 403 arbitron
849 367 916 400 (ubi
940 368 1022 399 enim

132 408 242 439 melius
262 408 307 439 uti
328 419 488 450 possumus
503 409 571 447 hoc,
588 409 770 439 cuicmmodi
790 415 844 446 est,
861 410 922 440 otio
934 412 961 446 5³)
983 411 1022 441 ad

132 451 330 492 Brutumque
348 458 484 482 nostrum
500 452 555 482 hos
569 452 661 482 libros
677 453 784 483 alteros
799 453 935 494 quinque
950 453 1021 483 mit-

130 500 252 531 temus;
276 505 294 524 a
314 505 376 536 quo
396 505 457 525 non
472 495 563 525 modo
578 495 725 536 impulsi
719 506 823 526 umus
835 495 874 526 ad
889 496 1021 536 philoso-

130 537 235 578 phicas
258 537 444 578 scriptiones,
473 548 580 568 verum
606 539 696 568 etiam
722 538 859 569 lacessiti.
895 539 931 569 In
958 549 1020 580 quo

131 585 282 621 quantum
304 580 416 611 caetcxis
431 580 582 621 profuturi
603 581 681 611 simu
684 592 708 618 5,
730 591 790 611 non
807 581 894 612 facile
908 582 1020 612 dixen'-

129 633 217 653 mus:
242 624 350 654 nostris
370 624 496 665 quidem
516 625 713 654 acerbissimis
728 624 893 663 doloribus,
916 625 1020 655 variis-

130 677 190 707 que
211 672 241 697 et
262 667 397 715 nudique
416 667 605 699 circumfusis
619 668 775 707 molestiis,
791 668 851 699 alia
865 668 951 698 nulla
965 678 1020 709 po·

129 709 188 740 tuit
201 708 331 741 inveniri
345 711 400 741 lev
394 710 464 741 [tio.
