1226 1935
232 71 355 104 TUSC.
373 71 546 111 QUAEST.
564 72 643 103 1113.
659 73 717 104 1v.
735 73 818 105 Car.
838 74 887 105 13.
939 75 1002 110 227

118 157 242 189 avaritia
262 158 395 199 opinatio
416 157 576 189 vehemens
594 158 632 189 de
654 159 794 200 pecunia,
811 159 897 201 quasi
917 160 1005 191 valde

117 201 297 242 expetenda,
320 201 479 237 inhaerens,
499 206 528 231 et
554 202 674 241 penitus
698 202 796 233 insita.
829 203 1006 244 similisque

117 249 161 274 est
183 244 318 284 ejusdem
334 244 450 284 generis
466 244 600 275 definitio
620 245 816 286 reliquarum.
852 245 1005 276 Offensio-

117 296 191 317 num
207 293 309 317 autem
325 287 512 318 definitiones
527 293 597 318 sunt
613 288 772 327 ejusmodi,
789 294 824 318 ut
838 288 1005 329 inhospita-

115 329 184 360 litas
200 330 238 360 sit
253 330 354 371 opinio
370 330 541 366 vehemens,
558 331 645 361 valde
660 331 840 372 fugiendum
857 342 919 362 esse
935 332 1005 363 hos-

115 373 222 413 pitem,
239 383 333 414 eaque
348 372 507 411 inhaerens,
524 378 553 402 et
575 374 695 414 penitus
713 374 811 404 insita.
845 374 1005 405 Similiter-

115 426 175 456 que
190 415 331 445 definitur
346 422 375 446 et
390 416 554 447 mulierum
569 417 686 455 odium,
700 422 735 448 ut
750 417 937 458 Hippolyti3
962 423 1003 457 et,

115 464 150 488 ut
165 458 316 496 Timonis,
331 459 448 499 generis
463 459 600 491 humani.

158 501 238 532 XII.
273 502 390 542 Atque,
407 508 441 532 ut
457 503 495 532 ad
510 503 690 534 valetudinis
706 502 936 534 similitudinem
952 514 1003 534 ve-

115 544 246 582 niamus,
270 545 366 585 eaque
381 545 539 578 collatione
550 552 673 576 utamur
685 546 860 587 aliquando,
873 546 924 577 sed
934 557 1003 587 par-

116 588 179 618 cius
195 597 286 628 quam
303 588 398 618 solent
414 589 525 620 Stoici:
550 595 584 619 ut
606 595 677 619 sunt
696 589 747 619 alii
766 589 805 619 ad
829 589 903 620 alios
921 600 1003 620 mor-

115 631 168 661 bos
184 630 374 671 procliviores
395 632 510 673 (itaque
532 632 660 663 dicimus
681 632 891 673 gravedinosos
913 643 1004 674 quos-

115 673 198 711 dam,
216 673 363 714 quosdam
387 676 575 712 torminosos,
598 685 659 706 non
679 675 752 716 quia
771 676 835 714 jam
859 676 929 713 sint,
952 676 1005 707 sed

115 717 188 757 quia
211 727 288 757 saepe
311 717 406 754 sint);
431 718 471 749 sic
496 719 547 749 alii
570 718 609 748 ad.
630 724 759 757 metum,
776 719 827 749 alii
850 719 888 749 ad
910 719 1004 750 aliam

114 760 379 800 perturbationem.
417 761 469 791 Ex
500 772 560 803 quo
587 762 618 791 in
649 762 715 791 aliis
744 761 891 800 anxietas,
921 762 1004 793 unde

115 802 219 838 anxii;
243 802 275 832 in
290 803 356 834 aliis
371 803 526 835 iracundia
541 804 661 840 dicitur,
683 815 752 845 quae
767 806 805 835 ab
821 805 867 835 ira
882 805 981 835 differt
991 816 1001 835 ε

114 851 218 886 estque
233 845 316 876 aliud
331 847 511 878 iracundum
533 858 606 885 esse,
631 847 714 877 aliud
736 848 869 884 iratum3
894 853 929 878 ut
943 848 1004 878 dif-

114 888 172 918 fert
186 888 321 919 anxietas
342 891 380 920 ab
399 900 530 931 angore:
556 900 653 931 neque
677 891 758 921 enim
783 900 888 921 omnes
906 891 1002 930 anxii,

114 931 169 972 qui
185 937 338 972 anguntur
354 933 517 973 aliquando
531 945 540 970 ς
558 943 623 971 nec,
640 934 694 974 qui
709 933 804 970 anxii,
822 944 939 974 semper
948 943 1003 964 an-

113 980 246 1015 guntur:
272 981 306 1005 ut
321 975 398 1006 inter
413 976 588 1007 ebrietatem
604 982 633 1006 et
644 976 846 1007 ebriositatem
856 977 979 1007 interest
991 988 1003 1014 ς

114 1017 258 1058 aliudque
274 1024 317 1048 est
332 1025 496 1050 amatorem
513 1030 586 1057 esse,
604 1019 687 1049 aliud
707 1025 871 1049 amantem.
894 1020 1004 1061 Atque

113 1060 177 1090 haec
191 1060 320 1091 aliorum
335 1061 374 1092 ad
389 1062 462 1093 alios
485 1064 605 1093 morbos
626 1062 797 1103 proclivitas
818 1063 878 1093 late
898 1069 1001 1104 patet:

113 1113 186 1133 nam
210 1104 338 1144 pertinet
364 1104 402 1134 ad
425 1115 530 1136 omnes
554 1105 801 1147 perturbationes.
835 1106 873 1136 In
897 1106 1005 1136 multis

114 1146 205 1176 etiam
221 1146 299 1177 vitiis
314 1154 438 1188 apparet
453 1161 460 1179 :
485 1149 537 1179 sed
552 1159 663 1179 nomen
679 1159 725 1179 res
740 1158 800 1179 non
818 1148 918 1179 habet.
942 1149 1004 1180 Er-

113 1199 153 1230 go
168 1195 197 1220 et
208 1189 313 1227 invidi,
330 1197 359 1221 et
374 1192 527 1230 malevoli,
544 1198 573 1222 et
587 1191 684 1229 lividi,
696 1197 725 1222 et
739 1191 851 1229 timidi,
868 1198 897 1222 et
912 1192 1003 1224 mise-

112 1232 252 1271 ricordes,
275 1233 346 1274 quia
368 1234 514 1274 proclives
536 1235 574 1265 ad
597 1245 645 1265 eas
669 1235 920 1275 perturbationes,
941 1245 1005 1268 non

113 1275 187 1316 quia
212 1286 340 1317 semper,
366 1277 513 1308 feruntur.
549 1278 626 1308 Haec
649 1277 742 1318 igitur
766 1278 937 1319 proclivitas
963 1277 1004 1309 ad.

113 1328 203 1348 suum
220 1319 362 1360 quodque
377 1330 482 1360 genus,
500 1332 518 1351 a
533 1321 730 1351 similitudine
745 1321 886 1362 corporis,
908 1331 1003 1361 aegro-

112 1361 187 1392 tatio
212 1361 340 1400 dicatur,
365 1363 440 1393 dum
466 1374 501 1394 ea
523 1364 711 1404 intelligatur
734 1363 772 1394 ad
792 1364 1004 1404 aegrotandum

113 1404 292 1443 proclivitas.
317 1405 376 1436 Sed
391 1405 455 1436 haec
470 1407 501 1436 in
516 1407 602 1437 bonis
615 1407 714 1444 rebus,
731 1407 813 1447 quod
828 1407 879 1436 alii
895 1407 933 1437 ad
943 1407 1008 1438 alias

113 1447 193 1477 bona
208 1454 277 1478 sunt
292 1449 431 1490 aptiores,
447 1449 574 1480 facilitas
590 1450 773 1487 nominetur,
786 1450 817 1479 in
832 1450 920 1480 malis
932 1460 1003 1490 pro-

114 1489 241 1527 clivitas,
266 1497 300 1522 ut
327 1492 474 1532 significet
496 1493 687 1534 lapsionem:
711 1492 744 1523 in
764 1492 878 1524 neutris
893 1493 1003 1524 habeat

115 1533 251 1574 superius
265 1544 386 1565 nomen.

159 1576 259 1606 XIII.
291 1577 363 1616 Quo
385 1578 476 1609 modo
495 1585 598 1610 autem
618 1578 650 1609 in
671 1589 792 1620 corpore
807 1584 850 1609 est
865 1579 1002 1616 morbus,

115 1624 144 1649 et
160 1620 323 1660 aegrotatio,
340 1626 369 1651 et
384 1621 491 1652 vitium
504 1633 513 1659 3
539 1622 579 1653 sic
594 1622 625 1652 in
641 1622 752 1652 animo.
777 1622 926 1652 Morbum
949 1632 1003 1662 ap-

114 1662 229 1703 pellant
245 1663 335 1694 totius
350 1664 479 1705 corporis
495 1665 727 1706 corruptionem.
757 1665 1003 1705 AEgrotationem

114 1706 256 1736 morbum
272 1716 343 1737 cum
358 1706 582 1739 imbecillitate:
607 1708 727 1746 vitium,
745 1717 814 1738 cum
826 1713 926 1748 partes
938 1717 1002 1738 cor-

113 1748 194 1791 poris
209 1748 286 1782 inter
298 1760 329 1782 se
338 1749 500 1784 dissident:
517 1761 555 1785 ex
567 1761 628 1793 quo
640 1751 771 1794 pravitas
781 1752 1000 1789 membrorum.
