1226 1935
243 78 365 110 TUSC.
382 78 555 117 QUAEST.
572 78 651 109 Lm.
670 79 729 110 IV.
746 78 830 110 CAP.
851 80 900 110 10.
952 80 1016 110 225

131 166 260 204 tionum,
273 172 302 197 et
317 176 479 208 saporum3
496 176 565 207 quae
581 172 651 196 sunt
665 175 769 196 omnes
781 165 872 196 unius
887 165 1015 206 generis,

130 210 168 240 ad
198 210 441 250 perfundendum
471 209 609 239 animum
640 214 798 249 tamquam
824 208 1018 249 illiquefactae

131 253 308 293 voluptates.
347 252 480 283 ,Iactatio
500 258 543 282 est
559 252 697 292 voluptas
712 251 851 291 gestiens,
874 258 904 282 ct
924 262 954 281 se
975 252 1018 282 ef-

130 296 226 326 ferens
242 296 425 325 insolentius.
449 295 529 333 Quae
540 301 642 325 autem
654 294 773 324 libidini
785 295 920 333 subjecta
931 300 1014 332 sunt,

129 349 165 369 ea
185 339 225 369 sic
246 339 442 375 definiuntur,
464 344 499 368 ut
521 339 571 368 Ira
591 338 629 367 sit
647 337 742 367 libido
761 337 913 378 poeniendi
937 338 1014 376 ejus,

128 381 182 422 qui
204 382 338 412 videatur
358 381 467 411 laesisse
483 381 614 420 injuria:
638 379 897 410 Excandescentia
912 386 1015 410 autem

129 425 167 454 sit
181 425 226 454 ira
237 435 371 462 nascens,
384 431 413 454 et
422 424 513 454 modo
525 424 680 461 exsistens,
689 434 757 464 quae
768 425 899 460 ἑυμωσις
910 424 1015 453 Graece

129 468 256 498 dicitur:
282 468 411 504 Odium,
432 468 477 497 ira
496 467 679 497 inveterata:
706 466 910 501 Inimicitia,
903 477 947 496 ira
968 466 1016 495 ul-

128 511 256 541 ciscendi
272 517 391 552 tempus
411 512 514 541 observ
517 520 589 540 ans:
615 509 784 546 Discordia,
805 509 850 538 ira
870 509 1014 546 acerbior,

128 554 236 583 intimo
257 554 326 584 odio
350 560 379 584 et
405 553 492 584 corde
515 558 676 593 concepta:
712 551 896 592 Indigentia,
919 551 1015 582 libido

127 597 336 638 inexplebilis:
360 597 565 633 Desiderium,
589 595 682 625 libido
703 596 779 634 ejus,
803 595 856 636 qui
877 594 1014 625 nondum

127 639 215 677 adsit,
233 640 362 670 videndi.
387 640 590 679 Distinguunt
605 639 682 668 illud
698 639 800 675 etiam,
817 644 851 668 ut
867 638 905 668 sit
919 638 1015 668 libido

127 693 232 713 earum
247 694 360 721 rerum,
377 694 445 724 quae
463 683 604 713 dicuntur
619 682 656 712 de
671 682 804 723 quodam
820 687 873 711 aut
888 681 1006 722 quibus-

126 725 218 762 dam3
236 737 304 767 quae
317 739 390 760 κατη
394 738 458 765 ,ιορν
462 738 543 764 ματα
559 725 704 756 dialectici
720 725 894 765 appellant;
912 729 946 754 ut
960 723 1014 754 ha-

127 770 197 799 bere
214 769 344 805 divitias,
366 780 470 809 capere
485 769 621 799 honores.
646 768 830 809 Indigentia,
847 778 948 797 rerum
968 767 1015 808 ip-

126 822 228 842 sarum
245 819 300 850 est,
316 818 350 842 ut
365 812 526 848 honorum,
544 818 578 841 ut
593 811 737 852 pecuniae.

170 855 322 886 Omnium
342 861 445 885 autem
469 855 731 895 perturbationum
750 854 866 884 fontem
886 864 948 884 esse
967 852 1014 883 di-

127 905 200 929 cunt
222 898 514 940 Intemperantiam·
505 921 514 933 ‚
539 909 609 938 quae
635 904 680 928 est
698 908 717 927 a
737 897 801 927 tota
820 903 922 926 mente
945 903 974 926 et
997 907 1016 926 a

127 942 207 972 recta
222 942 334 972 ratione
355 941 492 979 defectio,
509 941 550 971 sic
565 951 668 970 aversa
687 951 706 970 a
725 940 949 980 praescriptione
966 950 1015 969 ra-

127 984 227 1022 tionis,
244 991 278 1015 ut
293 985 378 1015 nullo
393 985 484 1015 modo
495 984 693 1025 appetitiones
708 983 804 1013 ammi
814 993 870 1013 nec
881 982 944 1023 regi
959 992 1015 1013 nec

125 1028 270 1058 contineri
282 1034 403 1069 queant.
427 1027 698 1065 Quemadmodum
709 1026 802 1066 igitur
814 1025 1014 1073 temperantia

125 1071 210 1101 sedat
224 1071 431 1112 appetitiones,
453 1077 481 1101 et
502 1071 591 1101 efficit
611 1076 646 1100 ut
666 1080 709 1100 eae
729 1075 816 1099 rectae
835 1068 944 1098 rationi
959 1079 1013 1109 pa-

125 1120 229 1150 reant3
254 1120 467 1155 conservatque
483 1113 668 1144 considerata
679 1112 794 1152 judicia
807 1111 938 1147 mentis3
959 1111 1012 1148 sic,

125 1157 196 1188 huic
219 1157 352 1196 inimica,
376 1157 607 1198 intemperantia
632 1166 755 1186 omnem
779 1155 874 1185 animi
899 1160 1012 1184 statum

125 1200 306 1238 inflammat,
318 1202 488 1239 conturbat,
501 1200 614 1230 incitat.
639 1199 748 1240 Itaque
763 1204 792 1229 et
807 1197 1011 1239 aegritudines,

124 1249 154 1273 et
169 1250 279 1281 metus,
293 1250 322 1274 et
333 1245 456 1285 reliquae
467 1243 705 1285 perturbationes
716 1252 832 1281 omnes,
845 1241 1013 1282 gignuntur

124 1297 162 1316 ex
178 1297 222 1317 ea.

167 1329 209 1360 X.
233 1329 516 1368 Quemadmodum,
540 1340 611 1360 cum
631 1329 753 1370 sanguis
773 1334 931 1369 corruptus
955 1333 1011 1365 est,

124 1379 177 1403 aut
202 1373 312 1413 pituita
337 1373 497 1411 redundat,
525 1379 578 1403 aut
603 1373 684 1411 bilis,
707 1374 738 1403 in
765 1384 887 1414 corpore
912 1373 1011 1403 morbi

123 1416 389 1458 aegrotationesque
404 1422 588 1452 nascuntur;
606 1417 647 1447 sic
658 1427 820 1458 pravarum
832 1417 1011 1457 opinionum

123 1459 321 1497 conturbatio,
335 1466 364 1489 et
375 1460 510 1501 ipsarum
525 1460 603 1490 inter
618 1470 648 1490 se
659 1460 871 1501 repugnantia,
885 1460 1012 1490 sanitate

123 1502 230 1542 spoliat
246 1503 395 1540 animum,
412 1503 586 1544 morbisque
599 1505 764 1543 perturbat.
788 1503 839 1533 Ex
854 1504 1012 1544 perturba-

124 1544 255 1575 tionibus
270 1551 371 1576 autem
383 1546 518 1587 primum
533 1546 631 1576 morbi
647 1546 857 1584 conficiuntur,
874 1557 943 1587 quae
959 1556 1011 1576 vo-

122 1594 191 1617 cant
210 1588 256 1617 illi
276 1600 439 1627 νοσηματα,
456 1600 562 1630 eaque,
584 1600 653 1630 quae
668 1596 739 1620 sunt
754 1590 795 1620 eis
810 1590 923 1620 morbis
939 1599 1010 1619 con-

124 1630 225 1667 traria,
249 1642 317 1672 quae
336 1631 448 1663 habent
468 1633 506 1663 ad
527 1643 572 1663 res
592 1638 685 1663 certas
705 1633 843 1663 vitiosam
870 1632 1010 1663 offensio-

123 1683 194 1703 nem
210 1681 300 1715 atque
315 1675 488 1706 fastidium:
513 1676 621 1706 deinde
636 1677 855 1716 aegrotationes,
871 1686 941 1717 quae
956 1686 1010 1716 ap-

123 1717 298 1756 pellantura
305 1717 412 1748 Stoicis
422 1731 453 1747 α
440 1731 554 1758 ,awo-rr)
559 1731 655 1757 ματα
662 1719 789 1761 hisque'
781 1725 854 1749 item
865 1719 1010 1760 oppositae

122 1760 277 1791 contraiiae
296 1761 480 1792 offensiones.
516 1761 585 1792 Hoc
600 1762 665 1793 loco
680 1762 811 1792 nimium
826 1772 924 1804 operae
938 1771 1009 1794 con-
