1226 1935
180 67 240 97 184
305 65 428 97 TUSC.
442 64 614 104 QUAEST.
632 65 711 95 Lm.
723 65 788 96 111.
806 65 889 95 CAP.
902 66 933 94 3.

160 157 321 194 petentes,
349 161 409 181 non
433 157 497 181 tam
523 152 689 189 voluntate,
714 161 808 192 quam
830 151 933 181 curssls
955 159 1064 187 errore,

175 195 332 224 falluntur.
357 194 467 232 Quid?
491 194 544 235 qui
559 194 695 235 pecuniae
706 194 880 234 cupiditate,
894 193 947 234 qui
958 193 1066 232 volup-

176 243 275 267 tatum
290 237 426 275 libidine,
444 237 602 273 feruntur3
627 247 819 278 quorumque
830 237 872 266 ita
886 237 1066 276 perturban-

177 286 228 311 tur
243 280 348 317 animi,
365 286 400 310 ut
419 291 480 310 non
500 281 635 310 multum
656 280 755 310 absint
774 281 812 310 ab
833 279 961 317 insania,
985 278 1067 319 quod

176 322 387 363 insipientibus
408 323 554 363 contingit
569 323 730 359 omnibus3
754 323 801 352 his
816 323 940 352 nullane
955 328 999 352 est
1014 321 1068 351 ad-

176 366 310 396 hibenda
324 366 462 396 curatio?
486 373 601 403 utrum,
618 366 701 406 quod
715 366 816 396 minus
832 371 957 395 noceant
973 363 1068 394 animi

177 409 395 449 aegrotationeS,
412 420 505 450 quam
521 409 650 449 corporis
664 411 677 439 ?
701 419 751 446 an,
774 409 855 449 quod
877 418 1000 449 corpora
1015 417 1068 437 cu-

177 452 237 483 rari
252 452 377 492 possint,
394 452 566 482 animorum
582 452 731 481 medicina
746 452 831 482 nulla
846 452 883 481 sit
897 453 910 481 :³

224 496 289 525 ΙΙΙ.
314 495 359 525 Α1
382 502 411 525 et
434 495 532 525 morbi
554 495 776 535 perniciosiores
802 495 963 535 pluresque
997 498 1068 524 sunt

180 538 275 569 animi
292 548 384 579 quam
400 537 539 586 corporis.
565 538 609 567 Hi
622 538 703 567 enim
715 537 772 577 ipsi
788 537 881 567 odiosi
893 542 973 574 sunt,
987 535 1070 576 quod

181 581 221 612 ad
243 581 381 611 animum
401 581 562 629 pertinent,
583 591 714 620 eumque
733 580 912 610 sollicitant·
937 580 1072 609 animus-

181 634 241 666 que
256 634 344 664 aeger,
362 630 396 654 ut
411 624 452 653 ait
462 623 593 662 Ennius,
611 626 633 641 ‘⁶
645 633 762 664 semper
777 630 864 659 elrat,
881 633 979 664 neque
994 622 1069 662 pati,

181 677 280 707 neque
309 666 424 707 perpeti
453 672 568 707 potest:
602 676 710 707 cupere
739 677 898 707 nunquam
929 665 1047 696 desinit.
1050 665 1071 679 '⁹

182 710 305 748 Quibus
320 709 438 740 duobus
448 709 560 739 morbis
573 712 621 743 (ut
633 710 770 739 omittam
784 709 882 748 alios),
896 709 1074 749 aegritudine

183 759 213 784 et
235 753 409 794 cupiditate,
433 752 487 793 qui
509 752 631 782 tandem
654 759 780 793 possunt
805 752 836 782 in
864 763 985 811 corlpore
1011 761 1073 782 esse

181 796 359 845 graviores?
383 796 448 833 Qui
472 806 541 827 vero
561 796 681 836 probari
702 802 809 836 potest,
829 801 863 825 ut
883 795 939 826 sibi
959 793 1075 825 mederi

183 840 304 869 animus
324 849 384 869 non
405 839 508 879 possit,
532 849 576 868 cu
572 849 602 868 u
624 839 720 879 ipsam
742 838 923 870 medicinam
944 837 1074 887 corporis

184 882 304 912 animus
319 882 477 919 invenerit,
498 892 656 922 cumque
649 882 688 911 ad
708 892 866 922 corporum
888 881 1074 912 sanationem

183 925 342 956 multum
335 936 399 966 ipsa
419 935 542 965 corpora
557 931 586 955 et
604 925 713 954 natura
732 925 862 961 valcant,
883 935 937 955 nec
956 935 1072 963 omnes,

184 968 237 1009 qui
250 979 309 998 cur·
310 969 345 998 tri
358 979 387 998 se
399 968 477 1008 passi
493 974 574 1005 sunt,
587 968 728 997 continuo
745 967 790 998 eti
786 979 834 997 nn
848 978 922 998 conv
926 968 1072 998 alescant:

184 1011 302 1042 animi
295 1019 409 1050 autem,
425 1011 478 1051 qui
502 1011 600 1041 sanari
615 1011 774 1047 voluerint,
792 1011 1007 1051 praeceptisque
1028 1022 1075 1041 sa-

184 1054 334 1095 pientium
349 1054 514 1094 paruerint,
537 1054 599 1084 sine
620 1054 683 1083 ulla
703 1053 890 1084 dubitatione
906 1056 1074 1086 sanentur?

184 1098 243 1128 Est
273 1097 405 1138 profecto
436 1096 530 1127 animi
560 1097 720 1134 medicina,
751 1097 952 1137 philosophia,
989 1098 1075 1136 cujus

183 1141 335 1171 auxilium
351 1150 422 1177 non,
440 1146 474 1170 111
497 1140 529 1169 111
553 1140 681 1180 corporis
703 1140 827 1177 morbis,
845 1140 1010 1180 petendum
1033 1146 1077 1171 est

184 1183 275 1214 foris:
300 1184 502 1224 omnibusque
516 1183 635 1223 opibus,
652 1183 836 1223 viribusque,
851 1189 885 1212 ut
900 1183 1075 1224 nosmetipsi

186 1226 274 1257 nobis
300 1226 413 1257 mederi
438 1226 598 1266 possimus,
626 1226 842 1256 elaborandum
867 1232 919 1255 est.
954 1226 1075 1264 Quam-

186 1280 280 1311 quam
293 1269 330 1300 de
342 1269 481 1300 universa
493 1269 693 1310 philosophia,
708 1275 892 1310 quantopere
908 1270 1076 1309 expetenda.

186 1318 262 1343 esset
278 1318 306 1342 et
322 1312 456 1349 colenda,
470 1312 539 1344 satis
551 1314 598 1347 (ut
613 1312 751 1349 arbitror)
762 1311 877 1343 dictum
894 1319 937 1342 est
948 1312 979 1341 in
993 1312 1076 1343 Hor-

186 1356 290 1386 tensio.
325 1355 374 1385 De
389 1355 530 1385 maximis
546 1361 645 1385 autem
669 1356 757 1385 rebus
773 1355 849 1386 nihil
864 1355 925 1385 fere
940 1355 1077 1385 intenui-

186 1399 281 1428 simus
300 1404 402 1439 postea
417 1408 471 1428 nec
486 1398 639 1438 disputare
654 1408 708 1428 nec
724 1398 858 1428 scribere.
892 1398 951 1428 His
972 1404 1075 1429 autem

186 1441 271 1481 libris
286 1441 421 1481 exposita
436 1441 506 1471 sunt
522 1452 566 1478 ea,
583 1451 652 1481 quae
667 1452 685 1470 a
700 1441 786 1471 nobis
798 1451 868 1471 cum
878 1441 1078 1472 familiaribus

187 1485 295 1515 nostris
310 1484 341 1513 in
357 1484 534 1514 Tusculano
550 1490 634 1513 erant
648 1484 809 1524 disputata.
834 1484 904 1521 Sed,
919 1485 1076 1524 quoniam,

187 1527 306 1557 duobus
334 1527 546 1567 superioribus,
563 1527 600 1556 de
620 1534 716 1556 morte
732 1533 760 1556 et
781 1527 818 1556 de
838 1527 939 1557 dolore
960 1527 1073 1557 dictum

188 1577 243 1608 est,
265 1570 368 1600 tertius
393 1569 454 1599 dies
474 1570 682 1610 disputationis
707 1570 763 1599 hoc
786 1570 907 1600 tertium
934 1571 1076 1601 volumen

189 1613 304 1645 efficiet.
337 1613 381 1643 Ut
402 1613 482 1643 enim
503 1613 534 1642 in
549 1612 748 1643 Academiam
770 1620 902 1643 nostram
924 1612 1077 1643 descendi-

186 1667 267 1694 mus,
283 1656 426 1687 inclinato
445 1657 511 1697 jam
531 1656 562 1685 in
582 1656 851 1696 postmeridianum
872 1662 992 1696 tempus
1015 1657 1075 1695 die,

188 1699 309 1741 poposci
329 1709 432 1728 eorum
449 1699 593 1739 aliquem,
610 1699 663 1740 qui
686 1699 820 1737 aderant,
843 1709 963 1729 causam
984 1699 1076 1731 disse-

189 1742 282 1774 rendi.
307 1742 392 1772 Tum
408 1752 453 1772 res
468 1748 534 1772 acta
550 1742 590 1772 sic
605 1748 657 1772 est.
