1226 1935
187 70 249 104 DE
270 70 379 102 NAT.
395 69 533 101 DEOR.
561 69 641 102 Lm.
658 71 706 103 ΙΙ.
730 72 814 104 ΟΑΡ.
831 74 862 104 4.
906 74 967 107 341

78 158 208 192 mesticis
233 156 358 199 quidem
384 156 533 197 exemplis
563 156 655 196 docti,
685 168 799 190 numen
830 160 969 191 Deorum

78 201 343 244 comprobabimus
354 202 369 231 ἓ
392 199 482 230 Nihil
496 209 550 230 nos
563 200 599 230 P.
613 201 746 239 Claudii,
760 203 839 234 beno
852 204 970 234 Punico

77 247 188 287 primo,
204 243 356 275 temeritas
371 243 515 280 movebit,
527 243 580 284 qui
596 244 687 274 etiam
703 255 756 285 per
768 247 873 284 jocum
886 247 970 277 Deos

77 289 215 325 irridens,
238 297 309 318 cum
331 286 420 317 cavea
444 286 562 316 liberati
582 287 660 328 pulli
684 297 744 317 non
765 295 968 328 pascerentur,

77 331 174 373 mergi
198 341 247 361 eos
270 330 301 360 in
325 339 438 370 aquam
459 329 559 368 jussit,
585 336 620 360 ut
645 331 793 369 biberent,
819 332 967 372 quoniam

77 385 140 406 esse
162 374 288 404 nollent.
323 373 387 411 Qui
410 371 498 409 risus,
518 373 611 403 classe
631 373 760 410 devicta,
776 376 889 405 multas
909 375 968 416 ipsi

77 418 238 458 lacrymaS,
254 425 399 456 magnam
418 415 533 456 populo
549 416 691 447 Romano
707 417 835 453 cladem,
852 418 965 448 attulit.

76 460 187 500 Quid?
211 460 326 500 collega
337 460 402 498 ejus
416 459 438 488 J
441 459 542 496 unius,
554 459 659 489 eodem
671 460 761 497 bello,
775 470 875 491 nonne
887 466 966 491 tem.

75 509 190 545 pestate
204 503 328 534 classem
344 501 455 539 amisit,
472 511 543 532 cum
558 503 698 543 auspiciis
713 513 773 533 non
789 504 936 544 paruisset
950 506 965 535 Ρ

76 548 187 588 Itaque
203 546 350 577 Claudius
365 555 383 575 a
397 545 511 586 populo
526 546 743 576 condemnatus
759 552 802 576 est
815 557 823 576 ε
848 547 870 577 J
874 547 966 578 unius

75 600 181 621 necem
196 589 252 620 sibi
267 589 330 630 ipse
345 588 495 619 conscivit.
528 588 563 618 C.
581 589 769 619 Flaminium
786 589 899 620 Caelius
919 600 966 620 re-

75 633 187 674 ligione
202 632 339 673 neglecta
359 631 498 662 cecidisse
511 632 594 672 apud
609 632 827 662 Trasimenum
849 633 963 671 scribit,

74 686 147 707 cum
162 685 275 716 magno
289 675 462 716 reipublicae
477 675 610 705 vulnere.
644 675 787 712 Quorum
808 676 900 706 exitio
915 676 964 706 in-

73 719 171 760 telligi
181 724 290 760 potest,
301 728 406 748 eorum
418 717 551 758 imperiis
563 718 782 759 rempublicam
797 719 965 760 amplifica-

73 768 149 800 tam,
166 762 220 803 qui
234 761 430 802 religionibus
444 761 621 801 paruissent.
651 761 705 799 Et,
722 762 746 791 si
761 762 895 792 conferre
910 772 964 793 vo-

71 806 176 836 lumus
190 810 293 835 nostra
307 814 377 834 cum
399 804 541 841 externis,
558 804 670 835 caeteris
689 806 779 835 rebus
799 811 852 834 aut
874 815 963 846 pares

70 854 125 879 aut
145 848 236 879 etiam
256 847 409 878 inferiores
435 847 640 887 reperiemur3
665 847 821 888 religione,
848 848 881 878 id
904 853 960 886 est,

69 892 154 923 cultu
169 891 320 928 Deorum,
336 891 435 920 multo
450 890 624 931 superiores.

113 935 168 965 An
182 934 265 965 Attii
280 934 312 964 N
315 934 375 964 avii
392 934 487 964 lituus
501 933 564 972 ille,
580 944 641 975 quo
655 933 694 964 ad
714 933 961 975 investigandum

70 988 157 1009 suem
171 977 306 1019 regiones
327 977 422 1008 vineae
436 977 620 1014 terminavit,
637 978 875 1008 contemnendus
891 984 935 1008 est
945 980 961 1009 ‚⁹

72 1021 246 1058 Crederem,
268 1020 326 1050 nisi
348 1021 413 1059 ejus
433 1020 561 1061 augurio
581 1031 634 1050 rex
651 1020 802 1051 Hostilius
823 1021 960 1051 maxima

71 1065 153 1096 bella
172 1064 317 1105 gessisset.
352 1063 423 1101 Sed,
440 1063 625 1104 negligentia
646 1063 822 1102 nobilitatis,
839 1064 960 1105 augurii

70 1107 230 1149 disciplina
245 1106 367 1144 omissa,
380 1106 488 1137 veritas
499 1107 702 1147 auspiciorum
712 1113 810 1147 spreta
822 1113 876 1145 est,
894 1117 962 1148 spe-

72 1151 131 1182 cies
146 1157 266 1181 tantum
281 1155 404 1181 retenta.
429 1150 539 1190 Itaque
549 1150 693 1180 maximae
708 1150 881 1190 reipublicae
890 1161 961 1191 par-

71 1200 127 1232 tes,
143 1194 176 1224 in
190 1193 237 1224 his
251 1194 342 1231 bella,
359 1193 470 1235 quibus
484 1193 658 1234 reipublicae
677 1193 758 1224 salus
778 1193 960 1231 continetur,

70 1238 164 1268 nullis
179 1237 319 1277 auspiciis
334 1236 602 1273 administrantur3
626 1237 712 1267 nulla
726 1236 882 1277 peremnia
899 1247 961 1267 ser-

70 1286 192 1319 vantur,
207 1281 294 1310 nulla
308 1291 346 1311 ex
358 1279 568 1316 acuminibus3
592 1280 670 1310 nulli
682 1279 738 1310 viri
751 1286 907 1317 vocantur,
920 1290 960 1310 ex

71 1334 133 1366 quo
148 1324 179 1354 in
199 1323 355 1365 procinctu
377 1329 556 1354 testamenta
575 1323 737 1364 perierunt.
769 1323 856 1353 Tum
877 1323 960 1353 enim

69 1368 150 1399 bella
174 1377 277 1408 gerere
301 1367 396 1397 nostri
419 1366 509 1397 duces
537 1366 698 1407 incipiunt,
724 1376 795 1396 cum
824 1366 960 1407 auspicia

67 1416 242 1452 posuerunt.
274 1410 321 1440 At
347 1420 416 1440 vero
442 1409 525 1450 apud
547 1410 677 1449 majores
699 1415 784 1439 tanta
806 1409 960 1449 religionis

68 1454 114 1484 vis
136 1453 206 1491 fuit,
231 1458 267 1484 ut
286 1453 412 1494 quidam
430 1453 624 1494 imperatores
647 1453 738 1483 etiam
757 1452 868 1493 seipsos
888 1452 958 1482 Diis

67 1497 302 1535 immortalibus,
319 1496 415 1537 capite
435 1497 544 1533 velato,
560 1496 658 1526 verbis
678 1495 775 1533 certis,
792 1505 847 1536 pro
867 1505 959 1536 repu-

66 1540 147 1571 blica
161 1539 349 1571 devoverent.
382 1539 487 1569 Multa
502 1549 539 1570 ex
560 1538 717 1580 Sibyllinis
736 1538 957 1569 vaticinationi-

66 1584 136 1621 bus,
152 1583 251 1613 multa
270 1593 308 1613 ex
328 1582 524 1623 haruspicum
544 1582 704 1623 responsis,
720 1591 958 1611 commemorare

66 1636 202 1668 possum,
218 1625 330 1667 quibus
350 1636 385 1656 ea
404 1625 632 1664 confirmentur,
649 1636 719 1666 quae
733 1624 827 1655 dubia
841 1624 957 1654 nemini

65 1669 177 1700 debent
191 1679 262 1699 esse.

110 1712 170 1743 IV.
193 1712 294 1753 Atqui
309 1717 338 1742 et
353 1718 525 1743 nostrorum
539 1721 693 1753 augurum
709 1716 739 1742 et
754 1710 956 1742 Etruscorum

63 1755 259 1797 haruspicum
273 1755 477 1797 disciplinam,
494 1756 530 1787 P.
547 1755 699 1797 Scipione,
712 1754 748 1785 C.
761 1754 872 1796 Figulo
884 1763 957 1785 con<

642 1799 662 1828 ⁴2
681 1807 701 1828 G
718 1798 738 1828 3
921 1824 923 1827 .
