1226 1935
266 89 327 120 DE
352 90 549 129 FINIBUS,
567 90 647 120 Lm.
667 90 732 121 III.
747 90 832 122 CAP.
849 92 879 121 6.
997 93 1017 124 9

128 174 283 216 principiis
305 182 423 206 naturae
438 176 639 215 discessimus,
663 176 774 217 quibus
790 187 953 217 congruere
967 177 1020 208 de-

129 219 211 255 bent,
229 229 298 259 quae
313 225 489 259 sequuntur.
523 220 667 260 Sequitur
682 226 784 250 autem
796 220 896 260 prima
910 220 1018 251 divisio

127 260 201 290 haec.
234 262 427 292 AEstimabile
448 272 510 292 esse
531 262 641 292 dicitur
661 263 715 296 (sic
736 263 829 300 enim,
847 270 882 293 ut
896 263 1014 304 opinor,

127 303 327 343 appellemus)
343 305 386 341 id,
403 305 484 345 quod
499 312 552 335 aut
567 305 667 345 ipsum
687 306 854 335 secundum
873 312 1015 336 naturam

126 345 175 383 sit,
192 352 244 376 aut
261 347 319 376 tale
334 347 408 387 quid
424 347 542 385 efficiat,
560 354 594 377 ut
609 348 765 378 selectione
780 348 909 388 dignum
924 359 1017 390 prop-

127 394 206 418 terea
221 389 268 425 sit,
286 390 367 430 quod
383 390 507 431 aliquod
522 390 640 431 pondus
655 391 765 421 habeat
785 392 914 431 dignum
937 392 1015 422 aesti-

126 432 257 462 matione
279 436 386 473 (quam
407 433 458 463 ille
481 435 560 472 αξιοιν
584 440 695 470 vocat),
718 440 881 475 contraque
903 434 1016 465 inaesti-

126 474 248 512 mabile,
265 476 347 515 quod
363 476 401 505 sit
416 476 561 516 superiori
576 476 770 507 contrarium.
808 477 907 507 Initiis
923 478 1016 517 igitur

123 516 167 546 ita
181 518 361 555 constitutis,
380 524 414 548 ut
435 529 479 557 ea,
502 529 571 559 quae
591 519 758 549 secundum
774 526 915 550 naturam
931 527 1014 558 sunt,

123 559 189 599 ipsa
201 567 322 601 propter
337 572 368 591 se
383 562 530 592 sumenda
545 562 615 600 sint,
632 562 841 603 contrariaque
856 563 929 593 item
944 563 1015 602 reji-

123 602 228 633 cienda
241 614 250 639 ;
274 604 409 644 primum
425 610 468 635 est
483 604 615 635 officium
629 605 673 639 (id
689 605 770 635 enim
785 606 905 646 appello
929 607 1016 640 καθη-

126 652 184 682 κον)
201 652 235 676 ut
251 657 281 676 se
304 654 456 677 conservet
470 648 502 677 in
518 654 634 677 naturae
654 654 750 678 statu:
775 648 914 689 deinceps
929 654 964 679 ut
980 659 1015 679 ea

125 692 236 726 teneat,
253 700 322 730 quae
338 691 503 720 secundum
519 696 660 721 naturam
676 691 747 729 sint,
768 692 923 732 pellatque
943 701 1014 722 con-

123 731 222 761 traria.
258 733 330 770 Qua}
350 733 473 763 inventii
500 734 667 772 selectione,
693 740 722 763 et
748 734 822 764 item
842 735 1013 773 rejectione,

122 774 258 814 sequitur
281 775 420 816 deinceps
446 787 517 806 cum
546 776 642 806 officio
672 777 809 807 selectio:
845 777 953 807 deinde
980 788 1014 807 ea

121 823 278 857 perpetua,
298 824 365 848 tum
385 819 424 848 ad
445 825 616 848 extremum
637 826 785 855 constans,
803 826 1015 850 consentanea-

122 870 182 898 que
198 866 314 890 naturae
327 872 335 896 ;
360 861 392 890 in
408 862 469 902 qun
480 862 615 902 primum
627 862 721 892 inesse
736 862 867 902 [incipit⁷
882 870 910 893 et
925 863 1014 893 intel-

124 901 207 942 ligi,]
226 903 300 943 quid
315 904 363 941 sit,
381 905 463 945 quod
478 915 545 934 vere
561 906 676 934 bonum
695 906 788 945 possit
803 906 871 935 dici.

166 945 271 976 Prima
294 953 338 976 est
358 947 439 976 enim
465 947 634 977 conciliatio
657 948 788 978 hominis
812 948 851 977 ad
874 959 919 985 ea,
944 960 1013 989 quae

121 993 192 1017 sunt
207 989 373 1019 secundum
390 996 541 1020 naturam.
573 991 674 1020 Simul
689 998 792 1021 autem
807 991 885 1031 cepit
901 992 1013 1022 intelli-

120 1031 266 1069 gentiam,
283 1033 330 1062 vcl
343 1033 496 1062 notionem
512 1033 611 1073 potius
629 1037 734 1074 (quam
748 1034 903 1074 appellant
914 1047 1012 1063 εννοιαν

119 1073 190 1109 illi),
214 1074 349 1115 viditque
369 1086 470 1106 rerum
490 1076 676 1116 agendarum
695 1076 844 1113 ordinem,
862 1083 901 1114 et,
919 1083 954 1107 ut
969 1077 1011 1107 ita

119 1115 230 1154 dicam,
258 1118 470 1153 concordiam3
503 1119 602 1149 multo
626 1130 693 1149 eam
719 1120 815 1159 pluris
839 1120 1010 1157 aestimavit,

120 1169 214 1199 quam
229 1161 332 1191 omnia
347 1161 410 1199 illa,
427 1172 496 1202 quae
511 1162 645 1202 primum
662 1162 827 1198 dilexerat;
852 1168 944 1203 atque
967 1163 1010 1193 ita

120 1203 289 1242 cognitione
304 1210 333 1234 et
348 1204 462 1234 ratione
477 1205 608 1245 collegit,
625 1211 659 1235 ut
675 1211 827 1242 statueret,
844 1205 875 1235 in
897 1216 931 1236 eo
949 1206 1011 1236 cola

118 1244 251 1276 locatum
278 1257 434 1277 summum
455 1247 532 1277 illud
555 1248 687 1278 hominis
707 1259 760 1289 per
775 1259 806 1278 se
820 1248 1009 1279 laudandum

119 1293 148 1317 et
164 1289 368 1329 expetendum
383 1291 509 1320 bonum.
534 1290 628 1328 Quod
642 1301 712 1321 cum
727 1291 860 1332 positum
873 1292 911 1321 sit
921 1291 952 1321 in
964 1302 1009 1329 eo,

118 1331 201 1370 quod
216 1334 368 1369 ὁμολογιαιι
378 1333 482 1370 Stoici,
494 1343 548 1364 nos
558 1334 745 1374 appellemus
755 1336 1008 1373 convenientiam,

118 1373 143 1402 si
158 1374 257 1413 placet
270 1385 278 1409 ς
304 1385 373 1405 curn
389 1376 483 1416 igitur
497 1376 529 1406 in
551 1387 586 1406 eo
606 1377 644 1406 sit
664 1377 696 1406 id
711 1378 839 1415 bonum,
856 1388 917 1418 quo
933 1378 1008 1408 refe-

116 1416 211 1447 renda
226 1417 286 1447 sint
306 1419 409 1448 omnia
433 1418 572 1458 [honeste
590 1419 698 1461 facta],
717 1420 880 1461 ipsumque
900 1420 1008 1451 hones-

117 1464 195 1497 tum,
212 1460 295 1500 quod
315 1460 346 1491 in
362 1462 448 1492 bonis
463 1462 595 1499 ducitur,
612 1473 801 1503 quamquam
816 1469 884 1504 post
899 1463 1005 1501 oritur,

116 1507 218 1532 tamen
233 1502 264 1532 id
279 1504 390 1542 solum,
403 1504 433 1535 vi
444 1505 499 1535 suit
511 1512 541 1535 et
549 1505 706 1545 dignitate,
720 1506 925 1546 expetendum
937 1512 981 1537 est
994 1517 1004 1542 ;

116 1555 220 1575 eorum
242 1552 356 1583 autem,
379 1558 448 1588 quae
471 1554 542 1578 sunt
563 1548 663 1589 prima
682 1555 810 1587 naturae,
832 1555 955 1590 propter
975 1560 1007 1580 se

117 1587 196 1618 nihil
212 1590 424 1629 expetendum.

160 1630 241 1660 Cum
258 1642 326 1662 vero
340 1633 403 1671 illa,
421 1643 490 1674 quae
501 1633 599 1664 officia
613 1644 675 1664 esse
689 1634 765 1672 dixi,
778 1634 1006 1674 proficiscantur

115 1674 154 1704 ab
170 1673 262 1704 initiis
278 1681 415 1712 naturae3
440 1686 475 1706 ea
494 1677 533 1707 ad
553 1677 617 1707 haec
632 1677 735 1707 referri
747 1687 864 1708 necesse
878 1683 943 1713 est;
969 1684 1004 1708 ut

115 1722 193 1748 recte
208 1716 267 1749 diei
281 1718 385 1758 possit,
402 1720 504 1750 onmia
519 1719 616 1750 officia
631 1730 666 1750 eo
680 1720 794 1757 referri,
812 1726 847 1751 ut
858 1720 1004 1760 adipisca-

112 1768 186 1793 mur
204 1759 353 1802 principia
371 1768 507 1794 naturae:
531 1772 586 1795 nec
602 1769 704 1794 tamen
725 1769 760 1794 ut
778 1763 834 1794 hoc
857 1763 895 1794 sit
911 1765 1004 1795 bono..
