1226 1935
186 85 230 116 20
309 82 371 115 DE
395 83 593 125 FINIBUS,
617 85 697 116 Lm.
714 84 779 117 ΙΙΙ.
804 85 888 118 CAP.
905 84 955 116 15.

188 169 275 201 cessit
289 170 482 212 aliquantum
497 171 535 201 ad
547 172 666 202 virtutis
678 172 806 209 aditum,
823 172 919 202 nihilo
933 171 1036 202 minus
1046 170 1079 201 in

189 213 311 243 miseria
326 220 380 250 est,
398 225 490 255 quam
507 215 568 251 ine,
585 215 638 255 qui
654 215 730 245 nihil
745 216 896 256 processit.

236 256 301 286 XV
304 278 312 285 .
338 257 414 287 Haec
434 257 584 287 mirabilia
610 258 704 288 videri
729 258 873 298 intelligo.
911 257 982 295 Sed,
1010 267 1081 287 cum

190 305 268 329 certe
284 300 437 340 superiora
455 300 544 330 firma
558 311 592 331 ac
607 311 676 331 vera
691 301 762 338 sint,
783 301 830 330 his
844 307 946 330 autem
962 311 997 330 ea
1011 309 1082 330 con-

190 348 332 372 sentanea
348 348 377 372 et
398 343 629 383 consequentia;
654 354 691 373 ne
711 344 748 374 de
767 354 870 373 eorum
887 343 1011 384 quidem
1031 353 1082 372 ve-

190 384 277 415 ritate
293 392 336 415 est
356 385 570 416 dubitandum.
606 386 665 416 Sed
686 396 875 427 quamquam
891 392 1011 426 negent,
1029 395 1084 415 nec

191 427 317 457 virtutes
330 438 383 458 nec
396 429 468 458 vitia
483 439 630 464 crescere,
648 436 781 459 attamen
797 436 962 469 utrumque
977 438 1083 458 eorum

190 470 279 500 fundi
292 471 424 511 quodam
446 471 547 508 modo,
565 478 594 501 et
614 472 700 512 quasi
720 472 850 509 dilatari,
872 477 990 511 putant.
1024 470 1083 500 Di-

191 513 279 543 vitias
294 520 397 544 autem
413 514 565 554 Diogenes
581 521 679 544 censet
695 525 754 544 non
771 525 837 544 eam
853 514 943 543 modo
956 514 1017 543 vim
1029 513 1084 542 ha-

192 557 273 592 bere,
298 563 332 586 ut
347 557 433 597 quasi
453 557 542 587 duces
559 557 618 587 sint
638 557 676 586 ad
692 558 888 597 voluptatem,
906 563 935 586 et
950 556 988 585 ad
1004 556 1085 585 vale-

191 599 329 628 tudinem
355 601 478 636 bonam,
506 600 556 629 sed
579 600 670 629 etiam
694 605 728 629 ut
751 610 786 630 ea
809 599 998 634 contineant;
1024 608 1085 627 non

192 641 274 671 idem
295 642 390 672 facere
406 653 454 672 eas
470 643 501 671 in
517 643 638 679 virtute,
662 652 760 683 neque
776 643 807 671 in
827 642 938 671 caeteris
958 641 1084 678 artibus,

192 684 231 714 ad
244 695 318 725 quas
331 695 391 715 esse
407 685 470 714 dux
482 685 611 725 pecunia
621 691 728 725 potest,
745 685 895 714 continere
906 691 1008 714 autem
1025 693 1085 713 non

192 733 291 767 potest
305 739 312 757 :
330 727 443 768 itaque,
461 728 485 757 si
501 728 639 768 voluptas
654 734 707 757 aut
722 728 746 758 si
761 729 839 757 bona
853 727 991 757 valetudo
1004 726 1084 757 sitin

194 770 289 806 bonis,
307 770 424 800 divitias
440 781 562 811 quoque
576 771 607 800 in
623 771 709 801 bonis
730 781 790 801 esse
806 770 977 810 ponendas:
1002 776 1044 807 at,
1061 769 1086 799 si

193 813 339 853 sapientia
354 814 469 843 bonum
485 814 533 851 sit,
550 823 610 843 non
626 814 721 854 sequi,
739 820 773 843 ut
788 814 878 843 etiarn
893 813 1012 842 divitias
1032 814 1086 842 bo-

193 865 269 885 num
291 866 352 885 esse
372 856 528 886 dicamus:
553 866 607 886 nec
628 858 665 886 ab
687 857 751 886 ulla
771 866 812 892 re,
835 867 904 896 quae
925 865 985 885 non
1001 855 1085 885 sitin

194 898 292 934 bonis,
316 899 358 935 id,
383 898 465 939 quod
492 899 529 928 sit
554 899 585 929 in
611 899 708 935 bonis,
736 899 880 929 contineri
906 904 1022 939 potest;
1046 899 1085 928 ob

194 951 322 981 eamque
343 952 476 978 causam,
498 942 570 983 quia
591 942 773 982 cognitiones
794 941 1086 982 comprehensiones-

195 994 255 1024 que
276 994 389 1021 rerum,
415 994 431 1014 e
455 985 566 1025 quibus
590 985 760 1015 efficiuntur
780 991 867 1021 artes,
889 984 1086 1024 appetitiones

195 1032 338 1062 movent3
363 1037 433 1056 cum
456 1027 568 1057 divitiae
591 1038 651 1057 non
673 1028 732 1058 sint
755 1028 786 1058 in
810 1027 908 1064 bonis,
932 1027 1017 1056 nulla
1038 1036 1086 1057 ars

194 1069 306 1099 divitiis
321 1070 465 1099 contineri
480 1076 585 1110 potest.

239 1112 333 1149 Quod
345 1113 369 1142 si
381 1113 418 1142 de
429 1113 544 1143 artibus
557 1113 764 1150 concedamus,
782 1113 899 1143 virtutis
911 1119 1012 1143 tamen
1024 1122 1086 1142 non

194 1155 233 1184 sit
249 1155 353 1184 eadem
375 1155 461 1192 ratio,
483 1163 639 1197 propterea
659 1157 741 1197 quod
760 1157 824 1186 haec
844 1156 984 1197 plurimae
1004 1166 1087 1186 com-

195 1198 388 1228 mentationis
409 1205 437 1228 et
453 1200 669 1229 exercitationis
685 1200 836 1239 indigeam
862 1199 942 1239 quod
958 1198 1037 1228 idem
1054 1198 1085 1228 in

196 1240 310 1270 artibus
326 1251 386 1270 non
402 1241 458 1271 sit:
484 1248 513 1271 et
533 1242 614 1282 quod
630 1243 724 1272 virtus
739 1242 942 1277 stabilitatem,
960 1241 1086 1271 firmita-

196 1289 269 1319 tem,
284 1284 481 1314 constantiam
493 1285 583 1315 tutius
596 1286 664 1315 vitae
676 1286 901 1326 complectatur,
916 1295 969 1315 nec
981 1284 1086 1314 eadem

196 1326 261 1356 haec
276 1326 306 1355 in
323 1327 437 1356 artibus
453 1338 514 1357 esse
529 1328 693 1358 videamus.

241 1368 392 1409 Deinceps
418 1370 584 1410 explicatur
609 1371 776 1401 differentia
798 1381 918 1400 rerum:
944 1380 1037 1410 quam
1062 1369 1086 1400 si

197 1421 258 1441 non
275 1412 369 1441 ullam
385 1423 446 1442 esse
462 1413 638 1448 diceremus,
656 1413 886 1444 confunderetur
900 1413 998 1442 omnis
1013 1413 1086 1449 vita,

198 1461 233 1484 ut
258 1456 296 1484 ab
322 1455 485 1485 Aristone:
520 1466 574 1486 nec
599 1457 698 1486 ullum
724 1456 876 1496 sapientire
899 1465 1011 1485 munus
1034 1461 1088 1485 aut

198 1507 275 1537 opus
294 1497 488 1534 inveniretur,
511 1509 593 1536 cum,
615 1500 692 1528 inter
713 1510 757 1529 res
778 1510 826 1528 eas
846 1509 914 1539 quae
934 1498 971 1528 ad
993 1499 1086 1528 vitam

198 1539 365 1579 degendam
378 1541 570 1581 pertinerent,
588 1542 663 1572 nihil
675 1542 798 1571 omnino
810 1542 972 1578 interesset,
989 1551 1088 1581 neque

198 1583 298 1612 ullum
315 1583 463 1613 delectum
480 1584 614 1614 adhiberi
630 1591 786 1625 oporteret.
821 1585 939 1624 Itaque,
957 1594 1025 1613 cum
1042 1594 1088 1613 es-

199 1631 243 1655 set
257 1626 327 1656 satis
342 1627 550 1664 constitutum,
567 1628 597 1657 id
611 1628 708 1657 solum
721 1638 782 1657 esse
793 1629 907 1657 bonnm
920 1627 1002 1667 quod
1014 1631 1088 1656 esset

199 1668 371 1705 honestum,
388 1677 417 1699 et
432 1669 462 1699 id
476 1670 594 1700 malum
610 1671 707 1700 solum
724 1670 805 1711 quod
822 1677 928 1710 turpe;
946 1676 1024 1706 tum,
1041 1669 1088 1698 in·

200 1717 244 1742 ter
258 1711 312 1741 illa
326 1722 395 1753 quae
414 1712 492 1744 nihil
512 1714 644 1744 valerent
664 1713 702 1744 ad
724 1715 808 1744 beate
828 1713 971 1744 misereve
987 1713 1090 1743 vivan«
