1226 1935
238 41 362 73 TUSC.
380 40 551 80 QUAEST.
569 41 648 72 1113.
666 42 712 73 11.
735 42 818 73 CAP.
836 43 887 74 22.
951 44 1012 80 175

114 127 216 158 adhuc
238 137 292 158 nos
313 128 437 170 quidem
458 128 590 159 vidimus
610 128 783 159 neminem:
808 129 859 160 sed
874 130 1007 170 philoso-

115 170 249 210 phorum
274 172 438 209 sententiis,
462 172 560 212 qualis
580 171 701 202 futurus
721 171 770 209 sit,
794 172 818 202 si
839 173 930 203 modo
950 174 1006 203 ali-

113 214 237 253 quando
252 213 354 251 fuerit,
377 215 552 255 exponitur)
573 215 597 245 is
612 215 716 254 igitur,
733 214 757 244 si
773 225 807 245 ea
828 215 913 252 ratio,
935 226 1005 256 qua:

113 256 169 286 erit
184 257 216 286 in
232 267 266 287 eo
282 257 411 297 perfecta
426 264 516 298 atque
531 257 679 295 absoluta,
697 257 737 287 sic
752 257 798 287 illi
812 258 890 297 parti
905 259 1003 299 impe-

111 299 190 329 rabit
209 299 352 337 inferiori,
377 306 411 330 ut
428 301 528 339 justus
548 310 655 341 parens
675 300 777 341 probis
797 300 886 336 ffliis;
910 307 1000 340 nutu,

110 342 193 381 quod
219 343 309 382 volet,
332 343 478 379 conficiet,
501 344 586 374 nullo
606 343 719 379 labore,
742 343 827 373 null&
850 344 998 374 molestia.

109 383 216 425 Eriget
227 385 290 426 ipse
301 396 342 422 se,
360 386 524 424 suscitabit,
537 386 675 423 instruet,
692 386 841 422 armabit;
858 391 903 423 ut,
920 393 999 417 tam-

107 437 200 467 quam
217 428 307 465 hosti,
324 428 365 459 sic
376 429 499 459 obsistat
514 428 619 459 dolori.
643 428 724 466 Quae
735 435 806 458 sunt
816 429 873 458 ista
884 439 969 459 arma
980 432 995 461 ?

107 469 279 509 Contentio,
301 472 499 509 confirmatio,
521 481 678 512 sermoque
693 471 829 508 intimus,
846 481 916 501 cum
932 471 997 513 ipse

105 522 218 550 secum,
250 516 271 532 “
289 514 369 545 Cave
395 520 483 556 turpe
509 514 689 556 quidquam,
716 514 908 555 languidum,
920 524 994 545 rnon

105 555 223 586 virile.'’

146 599 354 632 Obversentur
365 602 476 643 species
491 602 622 632 honestae
637 601 758 631 animo:
784 601 867 632 Zeno
882 611 992 644 propo.

102 648 191 672 natur
203 643 334 681 Eleates,
352 645 405 686 qui
420 655 577 686 perpessus
593 650 636 675 est
651 644 754 674 omnia
768 644 878 685 potius,
896 655 990 685 quam

100 686 231 716 conscios
243 687 377 718 delendae
389 688 555 728 tyrannidis
567 688 719 720 indicaret.
744 686 793 717 De
804 687 990 718 Anaxarcho

99 727 304 760 Democritico
320 731 476 771 cogitetur,
491 731 555 772 qui,
567 741 637 761 cum
648 730 743 771 Cypri
757 730 789 760 in
804 740 913 761 manus
929 730 960 760 N
963 730 989 760 i-

98 773 260 802 cocreontis
276 774 352 813 regis
366 774 528 811 incidisset,
545 774 666 803 nullum
678 783 773 813 genus
785 772 924 813 supplicii
937 773 988 804 de-

96 821 234 854 precatus
250 822 304 852 est,
318 826 416 857 neque
430 817 586 847 recusavit.
611 816 743 847 Calanus
760 815 867 852 Indus,
884 815 987 847 indoc-

95 861 145 887 tus
165 868 199 888 ac
213 859 370 897 barbarus,
386 859 417 889 in
433 859 583 889 radicibus
599 859 725 890 Caucasi
740 864 840 896 natus,
858 858 913 888 suit
933 869 986 889 vo-

94 899 212 930 luntate
227 901 312 932 vivus
328 904 502 932 combustus
523 908 575 932 est.
612 902 689 938 Nos,
711 902 735 931 si
750 912 802 942 pes
818 901 983 940 condoluit,

93 942 118 972 si
133 943 217 982 dens,
234 944 259 974 si
271 950 385 975 tactum
400 945 502 976 dolore
517 955 635 985 corpus,
648 944 724 975 ferre
739 954 799 974 non
811 954 983 984 possumus.

92 985 208 1026 Opinio
223 992 267 1017 est
287 988 368 1018 enim
383 988 524 1029 quaedam
545 988 717 1018 effeminata
731 998 765 1017 ac
780 987 865 1024 levis,
882 997 936 1017 nec
951 988 983 1017 in

91 1028 193 1059 dolore
208 1031 305 1071 magis
320 1042 413 1072 quam
429 1032 461 1061 in
477 1031 651 1072 voluptate;
676 1030 738 1071 quit
757 1040 827 1060 cum
842 1029 982 1070 liquesci-

88 1080 170 1111 mus,
187 1073 371 1115 fluimusque
386 1074 527 1113 mollitiei,
544 1074 608 1115 apis
623 1074 763 1104 aculeum
774 1073 837 1103 sine
849 1073 980 1104 clamore

88 1114 166 1145 ferre
181 1125 242 1146 non
257 1127 427 1157 possumus.

130 1158 177 1189 At
198 1169 267 1189 vero
288 1160 323 1190 C.
341 1160 472 1198 Marius,
493 1160 661 1190 rusticanus
676 1159 732 1196 vir,
749 1158 800 1189 sed
815 1159 905 1199 plane
919 1158 977 1198 vir,

87 1211 158 1232 cum
174 1208 332 1241 secaretur,
358 1209 393 1233 ut
416 1214 507 1244 supra
521 1203 597 1239 dixi,
613 1202 761 1244 principio
777 1202 872 1232 vetuit
887 1212 917 1231 se
932 1202 977 1231 al-

85 1244 192 1284 ligari:
218 1255 272 1276 nec
293 1246 455 1287 quisquam
478 1252 548 1276 ante
572 1246 710 1276 Marium
731 1245 847 1275 solutus
867 1244 977 1275 dicitur

85 1297 148 1317 esse
168 1294 273 1319 sectus.
297 1289 360 1320 Cur
378 1300 448 1330 ergo
463 1295 566 1330 postea
580 1289 656 1319 alii?
680 1288 789 1319 valuit
804 1287 975 1318 auctoritas-

84 1329 219 1361 Videsne
233 1331 336 1372 igitur,
353 1332 502 1373 opinionis
517 1342 590 1369 esse,
609 1341 671 1362 non
685 1337 812 1368 naturae,
828 1330 946 1360 malum
959 1332 974 1361 Ρ

83 1371 127 1403 Et
142 1380 243 1404 tamen
254 1374 346 1405 fuisse
357 1385 456 1406 acrem
471 1385 607 1405 morsum
622 1374 742 1411 doloris,
758 1373 840 1403 idem
852 1372 975 1404 Marius

84 1417 233 1447 ostendit:
266 1428 334 1448 crus
357 1419 438 1448 enim
462 1418 592 1448 alterum
614 1427 675 1447 non
697 1415 836 1458 praebuit.
870 1416 919 1446 Ita
943 1421 974 1446 et

84 1459 154 1489 tulit
174 1460 319 1498 dolorem,
346 1467 379 1491 ut
399 1461 455 1499 vir,
477 1466 517 1498 et,
539 1466 574 1491 ut
594 1460 697 1498 homo,
722 1460 870 1498 majorem
894 1458 972 1489 ferre

83 1502 147 1532 sine
161 1503 252 1533 caus&
266 1504 429 1535 necessari&
444 1503 551 1534 noluit.
583 1503 701 1534 Totum
715 1502 808 1542 igitur
823 1501 854 1531 in
867 1511 901 1537 eo
914 1507 969 1539 est,

81 1551 118 1575 ut
141 1545 196 1576 tibi
219 1546 356 1587 imperes.
389 1546 519 1578 Ostendi
539 1552 653 1583 autem,
674 1545 756 1586 quod
777 1550 852 1575 esset
872 1544 970 1584 impe-

80 1588 168 1618 randi
191 1599 307 1628 genus;
331 1595 421 1631 atque
444 1590 509 1620 haec
535 1589 686 1630 cogitatiO,
713 1588 787 1629 quid
810 1586 967 1631 patientia,

81 1631 156 1671 quid
180 1631 365 1670 fortitudine,
388 1633 462 1674 quid
482 1632 693 1673 magnitudine
713 1630 808 1661 animi
829 1629 970 1670 dignissi-

79 1683 167 1704 mum
183 1674 232 1712 sit,
249 1685 309 1706 non
330 1677 428 1706 solum
446 1676 585 1706 animum
601 1673 852 1716 comprhnit,·sed
866 1673 968 1713 ipsum

79 1716 170 1748 etiam
187 1717 334 1759 dolorem,
351 1719 450 1751 nescio
464 1729 526 1761 quo
540 1724 640 1762 pacto,
657 1718 808 1753 mitiorem
823 1715 904 1749 facit·
