1226 1935
201 63 261 94 118
331 64 455 96 TUSC.
472 65 644 104 QUAEST.
661 65 740 98 1118.
751 65 779 96 1.
796 65 880 97 CAP.
897 64 947 96 16.

197 149 237 179 ob
264 151 484 191 rempublicam
505 151 685 190 interfectos,
709 150 853 192 cogitasse
873 150 1075 181 arbitramur.
1068 150 1082 172 9

198 191 344 223 iisdemne
358 200 393 224 ut
408 195 519 225 finibus
531 205 641 225 nomen
653 205 755 232 suum,
770 194 882 235 quibus
893 194 965 232 vita,
981 192 1085 223 termi-

199 241 321 266 naretur
332 237 346 265 P
370 237 471 267 Nemo
486 248 635 278 unquam,
656 238 719 268 sine
734 247 847 277 magna
862 247 913 277 spe
927 236 1084 265 immorta-

198 277 301 315 litatis,
319 290 349 309 se
363 290 417 320 pro
432 281 529 320 patria
544 281 661 311 offerret
680 281 719 311 ad
737 286 875 310 mortem.
899 279 1002 309 Licuit
1023 288 1085 308 esse

198 320 292 351 otioso
307 322 337 352 '1
339 323 517 361 hemistoch
529 324 614 353 licuit
624 323 868 364 Epaminondae;
891 322 977 352 licuit
989 324 1040 356 (ne
1055 326 1085 350 et

198 370 297 394 vetera
320 371 348 395 et
371 372 494 396 externa
516 374 664 407 quaeram)
684 367 780 396 1111111.
805 366 867 404 sed,
889 364 988 395 nescio
1010 374 1086 404 quo-

201 407 303 445 modo,
319 408 445 439 inhaeret
465 409 496 438 111
516 409 669 440 mentibus
689 409 774 450 quasi
795 409 973 439 saeculorum
989 406 1086 447 quod-

200 449 272 479 dam
288 452 451 491 augurium
466 452 660 482 futurorum·
685 452 776 492 idque
796 452 828 481 in
843 451 986 481 maximis
1001 451 1086 489 inge-

200 493 269 529 niis,
285 494 497 535 altissimisque
512 495 632 532 animis,
649 502 678 525 et
693 495 808 525 exsistit
826 495 971 530 maxime,
989 498 1018 522 et
1032 503 1087 532 ap-

201 542 286 575 paret
300 537 452 567 facillime.
486 537 557 575 Quo
573 537 696 578 quidem
711 537 824 576 demto,
848 537 916 577 quis
931 542 995 566 tam
1011 541 1086 565 esset

201 589 316 616 amens,
334 580 387 620 qui
403 591 519 621 semper
533 581 565 609 in
580 581 733 610 laboribus
749 587 777 610 et
792 580 931 620 periculis
946 579 1058 609 viveret
1071 579 1085 607 Ρ

202 621 328 662 Loquor
353 623 390 652 de
414 623 608 663 principibus.
642 623 728 661 Quid
745 625 867 663 po'e'tae?
900 631 1000 652 nonne
1019 625 1088 661 post

202 671 331 695 mortem
347 666 498 696 nobilitari
513 666 644 697 volunt?
668 666 749 696 unde
764 676 834 706 ergo
849 665 926 695 illud
940 666 953 695 ?

247 726 270 741 ‘⁶
280 723 449 764 Adspicite,
460 735 477 754 o
493 724 582 762 cives,
595 724 672 754 senis
688 724 783 754 Ennii
798 723 934 764 imagini'
947 723 1088 753 formam.

332 767 395 797 Hic
409 769 541 798 vestrum
556 767 664 808 panxit
679 768 815 797 maxima
830 767 909 797 facta
923 767 1079 807 patrum.''

204 838 381 869 Mercedem
395 839 498 879 gloriae
513 839 628 879 flagitat
643 841 680 870 ab
697 839 743 878 iis,
760 849 891 880 quorum
906 844 1005 880 patres
1020 837 1092 868 affe-

204 889 285 914 cerat
295 882 401 923 gloria.
419 882 579 923 Idemque,

248 942 272 959 “
288 941 390 971 Nemo
405 951 455 971 me
469 940 610 981 lacrymis
625 940 752 978 decoret,
769 950 823 970 nec
838 939 946 970 funera
960 939 1034 969 fletu

334 984 434 1014 Faxit.
459 983 545 1014 Cur?
568 984 660 1016 volito
675 983 755 1014 vivu'
772 993 825 1024 per
840 993 892 1013 ora
906 982 1015 1013 virum.
1018 982 1039 996 ''

206 1055 266 1086 Sed
289 1054 364 1096 quid
385 1056 515 1095 poetas?
540 1053 673 1094 Opifices
696 1059 764 1094 post
786 1058 916 1082 mortem
939 1052 1091 1082 nobilitari

206 1099 322 1129 volunt.
358 1097 443 1135 Quid
459 1097 539 1127 enim
557 1097 680 1127 Phidias
696 1096 742 1126 sui
757 1096 887 1126 similem
902 1095 1030 1136 speciem
1045 1096 1094 1124 in-

206 1141 314 1172 clusit'
307 1151 339 1170 m
351 1141 456 1181 clypeo
468 1140 628 1177 Minervae,
642 1149 712 1169 cum
727 1138 886 1169 inscribere
896 1148 956 1168 non
966 1138 1092 1169 liceret?

205 1184 281 1225 (1111(1
303 1183 396 1214 nostri
417 1183 615 1224 philosophi?
640 1183 762 1220 Nonne,
787 1182 818 1211 in
840 1181 887 1212 his
912 1181 984 1222 ipsis
1009 1181 1095 1211 libris

205 1238 282 1268 quos
305 1227 441 1257 scribunt
461 1226 499 1256 de
520 1225 740 1257 contemnenda
760 1223 867 1266 gloria,
890 1235 946 1255 sua
970 1224 1095 1255 nomina

206 1270 394 1300 inscribunt.
388 1271 401 1292 9

250 1312 345 1350 Quod
360 1313 385 1343 si
400 1312 539 1343 omnium
555 1321 715 1343 consensus
734 1316 850 1341 naturae
865 1321 924 1341 vox
942 1316 1004 1346 est;
1029 1320 1095 1340 om-

207 1365 331 1396 nesque,
356 1356 410 1396 qui
433 1356 548 1396 ubique
567 1360 649 1393 sunt,
673 1354 863 1385 consentiunt
884 1364 945 1384 esse
965 1353 1092 1394 aliquid,

207 1399 291 1440 quod
306 1399 344 1428 ad
359 1409 408 1429 eos
423 1399 569 1439 pertineat
584 1398 637 1439 qui
658 1398 720 1428 vita
735 1397 894 1433 cesserint3
918 1397 1004 1427 nobis
1020 1407 1096 1437 quo-

205 1452 266 1484 (1118
281 1442 362 1471 idem
378 1441 614 1472 existimandum
630 1447 682 1471 est.
715 1441 768 1479 Et,
786 1440 820 1478 si,
837 1450 967 1482 quorum
980 1446 1033 1469 aut
1049 1439 1095 1469 in-

207 1485 297 1526 genio
323 1490 376 1514 aut
402 1485 512 1515 virtute
535 1484 655 1514 animus
679 1484 809 1521 excellit,
836 1494 885 1513 eos
914 1483 1097 1513 arbitramur

208 1528 295 1569 (quia
309 1528 418 1557 natura
433 1528 549 1568 optima
563 1533 646 1565 sunt)
663 1537 781 1557 cernere
801 1532 916 1556 naturae
931 1525 993 1555 vim
1008 1535 1097 1555 max-

209 1571 291 1607 ime3
315 1570 475 1601 verisimile
491 1576 544 1609 est,
566 1580 637 1600 cum
657 1570 789 1610 optimus
813 1570 942 1617 quisque
961 1568 1097 1598 maxime

207 1613 373 1661 posteritati
389 1614 507 1651 serviat,
524 1624 586 1644 esse
601 1613 728 1654 aliquid,
741 1613 828 1652 eujus
847 1613 872 1642 is
887 1617 955 1652 post
968 1617 1098 1641 mortem

211 1667 334 1687 sensum
349 1656 387 1686 sit
402 1636 570 1687 habittirus.

252 1699 347 1731 XVI.
371 1699 441 1737 Sed,
452 1705 487 1730 ut
496 1699 578 1729 Deos
593 1708 655 1730 esse
671 1698 773 1729 natur?
770 1711 780 1728 ι
795 1698 966 1739 opinamur,
977 1697 1097 1738 quales-

210 1753 271 1784 que
292 1743 365 1781 sint,
385 1743 500 1774 ratione
519 1742 747 1784 cognoscimus;
772 1741 813 1773 sic
833 1750 1009 1783 permanere
1033 1739 1098 1770 ani-
