1180 1935
171 28 232 60 DE
249 28 356 61 NAT.
373 28 509 61 DEOR.
533 28 611 61 Lm.
631 28 695 61 111.
719 29 802 61 CAP.
823 29 871 60 18.
906 30 968 60 415

84 118 128 145 ter
144 124 260 153 eorum,
277 115 382 151 Deus;
407 122 435 147 et
450 116 506 152 illi,
523 116 576 156 qui
592 115 684 146 fluere
699 116 780 156 apud
796 115 905 146 inferos
923 115 969 146 ‹li-

83 163 204 195 cuntur,
234 158 389 195 Acheron,
426 160 570 199 Cocytus,
602 158 871 199 Pyriphlegethon,
903 164 969 189 tum

84 200 217 238 Charon,
234 207 300 231 tum
317 202 476 238 Cerberus,
494 201 547 231 Dii
563 202 700 242 putandi.
739 202 785 232 At
800 202 830 231 id
846 202 970 242 quidem

84 243 317 283 repudiandum.
351 245 401 275 Ne
416 244 515 275 Orcus
531 244 654 285 quidem
679 244 780 285 igitur.
819 244 905 283 Quid
925 245 971 274 di-

83 285 149 316 citis
164 296 234 326 ergo
250 286 287 317 de
302 287 445 318 fratribus
456 289 470 318 ,⁹

126 328 202 359 Haec
214 329 382 361 Carneades
397 331 506 368 aiebat,
524 340 584 360 non
596 335 630 360 ut
647 329 728 360 Deos
739 330 866 366 tolleret,
882 330 970 370 (quid

82 371 164 401 enim
185 372 364 414 philosopho
379 374 480 403 minus
495 373 673 403 conveniens
687 375 714 409 Ρ)
738 373 789 403 sed
805 379 839 402 ut
855 373 970 403 Stoicos

83 414 160 444 nihil
175 415 212 445 de
225 415 293 445 Diis
303 416 451 456 explicare
463 416 659 446 convinceret.
677 415 785 456 Itaque
794 415 971 456 insequeba-

81 462 141 487 tur.
165 457 250 495 Quid
263 459 345 488 enim
360 461 373 489 „⁹
397 460 507 495 aiebat,
525 459 549 489 si
564 459 585 488 ii
600 459 704 488 fratres
720 462 790 488 sunt
810 458 841 488 in
862 468 971 489 nume-

82 510 116 530 ro
130 499 280 539 Deorum,
297 511 372 532 num
388 502 425 532 de
439 508 524 542 patre
537 512 640 531 eorum
652 503 782 531 Saturno
797 501 901 541 negari
916 512 970 541 po-

83 544 166 573 test?
190 554 281 584 quem
300 545 392 585 vulgo
410 545 545 574 maxime
567 544 605 574 ad
629 543 827 575 Occidentem
843 544 967 574 colunt:

81 585 135 626 qui
150 586 175 616 si
189 593 233 616 est
253 587 350 624 Deus,
372 593 489 628 patrem
511 596 631 627 quoque
653 588 730 625 ejus,
754 586 884 623 Coelum,
907 597 969 617 esse

81 627 185 658 Deum
202 629 406 660 confitendum
421 636 473 660 est.
497 629 590 667 Quod
607 630 630 659 si
640 629 683 659 ita
695 635 749 663 est,
761 629 836 659 Coeli
848 639 970 670 quoque

81 677 219 712 parentes
234 672 288 702 Dii
302 672 434 702 habendi
449 678 531 708 sunt,
550 672 670 709 AEther,
690 678 719 702 et
741 671 825 707 Dies,
848 682 969 702 eorum-

80 724 140 755 que
160 714 265 745 fratres
286 721 314 745 et
335 726 458 753 sorores,
475 716 529 756 qui
550 725 568 744 a
589 715 759 755 genealogis
780 715 912 755 antiquis
927 715 968 745 sic

77 757 288 795 nominantur,
301 758 412 795 Amor,
430 758 537 793 Dolor,
555 758 672 792 Metus,
690 757 803 795 Labor,
824 757 971 787 Inviden-

80 799 133 837 tia,
163 800 287 838 Fatum,
318 802 471 838 Senectus,
503 801 602 837 Mors,
630 800 789 837 Tenebrae,
827 800 965 838 Miseria,

82 842 226 880 Querela,
244 844 360 882 Gratia,
378 844 485 881 Fraus,
507 843 687 879 Pertinacia,
712 843 825 878 Parcae,
850 843 968 884 Hespe-

81 885 171 924 rides,
188 886 312 917 Somnia
325 898 334 923 ς
360 897 434 928 quos
450 896 553 916 omnes
568 886 669 916 Erebo
679 891 707 915 et
720 886 818 916 Nocte
828 892 912 916 natos
924 886 969 916 fe-

82 934 163 959 runt.
194 929 262 959 Aut
282 930 375 969 igitur
395 930 459 960 haec
478 934 613 959 monstra
632 928 788 969 probanda
811 934 892 966 sunt,
915 935 968 959 aut

83 972 182 1012 prima
196 972 249 1002 illa
261 972 402 1003 tollenda.

126 1015 258 1046 XVIII.
283 1015 393 1053 Quid?
424 1015 614 1057 Apollinem,
638 1015 826 1053 Vulcanum,
844 1015 968 1045 Mercu-

83 1056 174 1095 rium,
191 1064 321 1097 caeteros,
338 1059 420 1089 Deos
436 1069 497 1089 esse
512 1059 611 1094 dices;
636 1059 673 1088 de
698 1059 841 1095 Hercule,
859 1058 970 1088 AEscu-

84 1100 175 1141 lapio,
202 1101 324 1139 Libero,
349 1101 481 1140 Castore,
502 1102 637 1137 Polluce,
654 1101 831 1131 dubitabis?
868 1101 915 1130 At
934 1101 968 1130 hi

83 1143 208 1184 quidem
234 1145 373 1175 coluntur
395 1155 480 1186 aeque
503 1150 594 1185 atque
619 1144 685 1180 illi;
713 1144 794 1184 apud
821 1144 967 1184 quosdam

84 1186 176 1216 etiam
190 1188 288 1218 multo
302 1188 408 1229 magis.
432 1188 515 1228 Ergo
530 1187 563 1217 hi
579 1187 633 1217 Dii
647 1193 718 1217 sunt
731 1187 875 1223 habendi,
887 1197 968 1216 mor-

83 1229 195 1260 talibus
209 1231 272 1261 nati
287 1231 434 1262 matribus
448 1233 461 1261 P
493 1231 602 1268 Quid?
632 1230 792 1267 Aristaeus,
809 1230 862 1271 qui
882 1229 969 1260 olivae

83 1272 193 1303 dicitur
222 1273 369 1312 inventor,
401 1274 557 1315 Apollinis
592 1273 672 1304 filius
685 1284 695 1308 ;
733 1273 882 1310 Theseus,
914 1273 968 1313 qui

84 1315 245 1356 Neptuni:
271 1317 389 1358 reliqui,
406 1327 538 1358 quorum
552 1322 651 1357 patres
667 1316 732 1354 Dii,
748 1326 809 1346 non
830 1321 918 1346 erunt
935 1315 967 1345 in

86 1358 223 1389 Deorum
239 1369 365 1390 numero
376 1363 390 1391 ?
418 1359 514 1398 Quid,
531 1370 661 1401 quorum
676 1365 787 1389 matres
801 1361 814 1389 ?
849 1358 969 1399 Opinor

84 1401 175 1432 etiam
193 1402 310 1443 magis:
334 1409 369 1433 ut
387 1403 468 1433 enim
490 1403 522 1433 in
540 1404 608 1442 jure
629 1402 721 1439 civih',
745 1402 799 1443 qui
814 1407 857 1431 est
873 1407 970 1431 matre

84 1444 190 1481 libera,
214 1445 290 1476 liber
315 1452 378 1482 est3
402 1446 475 1476 item
493 1447 562 1485 jure
577 1452 703 1482 naturae,
720 1445 774 1485 qui
789 1444 857 1474 Dea
873 1450 969 1474 matre

85 1493 140 1524 est,
157 1487 242 1518 Deus
257 1488 305 1527 sit,
321 1499 438 1520 necesse
453 1495 505 1519 est.
538 1489 647 1529 Itaque
661 1488 818 1518 Achillem
833 1487 969 1527 Astypa-

83 1530 205 1561 laeenses
220 1531 352 1562 insulani
366 1532 549 1562 sanctissime
560 1532 682 1562 colunt:
707 1531 761 1571 qui
776 1530 800 1560 si
817 1529 902 1560 Deus
912 1535 968 1566 est,

84 1579 115 1603 et
136 1573 278 1614 Orpheus
301 1580 330 1605 et
353 1575 472 1605 Rhesus
492 1575 545 1605 Dii
564 1580 645 1611 sunt,
663 1573 757 1604 Musa
773 1578 868 1603 matre
883 1572 967 1608 nati3

84 1615 141 1645 nisi
157 1616 232 1648 forte
246 1618 406 1648 maritimae
418 1618 531 1658 nuptiae
543 1617 666 1648 terrenis
677 1621 911 1657 anteponuntur.
936 1615 969 1645 Si

85 1658 116 1688 hi
132 1658 186 1691 Dii
200 1669 259 1691 non
275 1667 356 1699 sunt,
370 1662 442 1703 quia
456 1671 607 1702 nusquam
623 1660 784 1698 coluntur3
807 1668 868 1701 quo
878 1657 969 1689 modo
