1226 1935
207 79 249 109 22
327 78 388 109 DE
412 79 610 120 FINIBUS,
634 81 714 112 Lm.
731 81 796 112 III.
821 81 904 113 CAP.
925 81 975 116 17.

209 170 350 194 naturam
371 172 457 203 esset,
479 173 532 197 aut
547 173 668 204 contra,
661 179 668 187 ·
693 178 758 205 nec,
782 178 852 198 cum
867 167 899 197 id
914 166 1101 207 relinquere-

210 213 269 244 tur,
295 208 370 238 nihil
391 209 422 239 in
444 209 491 239 his
512 211 594 250 poni,
617 211 698 251 quod
720 211 790 241 satis
806 209 981 240 aestimabile
1002 215 1098 245 esset;

209 259 275 287 nec,
290 251 346 281 hoc
362 252 469 300 posito,
486 263 546 282 non
563 254 665 294 aliqua
681 264 742 284 esse
757 253 926 294 praeposita.

252 293 347 324 Recte
367 295 460 335 igitur
474 295 538 326 haec
553 296 631 326 facta
646 296 796 327 distinctio
812 304 874 331 est;
900 301 991 335 atque
1007 293 1098 324 etiam

207 336 308 374 abiis,
326 348 387 377 quo
403 338 519 368 facilius
535 349 580 368 res
596 339 722 388 perspici
738 339 841 380 possit,
860 338 917 368 hoc
932 337 1030 367 simile
1045 347 1100 377 po-

207 379 299 408 nitur.
326 380 368 410 Ut
381 380 473 417 enim,
487 381 640 422 inquiunt,
658 383 682 412 51
697 382 754 412 1100
769 382 920 422 fingamus
935 391 997 410 esse
1012 379 1099 420 quasi

207 421 300 451 finem
323 428 352 452 et
376 423 532 470 ultimum,
556 424 598 454 ita
618 425 715 463 J'acere
739 425 847 461 talum,
872 429 906 453 ut
930 429 1026 453 rectus
1051 433 1098 452 as-

207 464 310 501 sistat;
337 465 389 505 qui
405 466 446 496 ita
462 467 539 496 talus
555 467 610 497 erit
622 469 731 506 jactus,
751 473 783 497 ut
799 467 885 496 cadat
900 472 1008 502 rectus,
1022 475 1099 505 prae-

207 507 340 547 positum
354 509 499 549 quiddam
515 509 638 539 habebit
654 510 691 540 ad
708 510 819 544 finem:
844 509 898 549 qui
914 508 1009 544 aliter,
1027 517 1098 538 con-

208 556 272 579 tra:
298 560 396 591 neque
412 558 512 582 tamen
528 552 580 582 illa
595 553 765 593 praepositio
789 552 841 582 tali
856 551 894 581 ad
907 561 989 587 00111,
1006 560 1099 590 quem

207 592 284 630 dixi,
309 593 401 623 finem
417 595 663 634 perti1iebit33ic
684 606 729 631 ea,
752 606 820 636 quae
841 600 911 623 sunt
926 593 1097 633 praeposita,

208 635 381 666 referuntui
396 637 448 667 illa
469 638 592 678 quidem
612 637 650 667 ad
671 638 784 668 11110111·
775 661 784 674 ,
821 637 873 668 sed
893 636 932 666 ad
953 637 1017 675 ejus
1037 635 1100 666 vim

210 684 412 719 naturamque
429 680 505 709 nihil
520 680 680 720 pertinent.

249 722 393 762 Sequitur
408 722 461 752 illa
476 723 593 761 divisio,
610 729 644 753 ut
659 725 808 753 bonorum
821 722 879 752 alia
891 721 951 752 sint
966 721 1005 751 ad
1020 721 1098 751 illud

206 763 353 794 ultimum
373 765 563 805 pertinentia,
587 766 641 800 (sic
657 766 738 796 enim
754 766 885 806 appello,
903 775 972 805 quae
989 769 1098 792 τελικα

206 806 366 837 dicuntur:
393 817 465 838 nam
485 809 569 838 hoc
562 819 663 849 ipsum
685 809 890 845 instituamus,
916 813 951 837 ut
971 806 1096 847 placuit,

206 850 346 889 pluribus
367 851 464 881 verbis
480 851 587 889 dicere,
609 851 691 893 quod
708 862 769 881 uno
784 861 844 881 non
861 850 1038 891 poterimus,
1064 855 1101 879 ut

206 902 252 922 res
278 893 477 933 intelligatur)
503 895 562 924 alia
584 901 686 924 autem
712 893 880 929 efficientia,
907 903 975 933 quae
999 891 1099 921 (J'raeci

206 947 353 973 ποιητικα,
371 936 430 965 alia
446 942 619 978 utrumque.
646 937 694 967 De
710 936 939 978 pertinentibus,
960 935 1037 964 nihil
1055 940 1100 964 est

206 978 334 1025 bonum,
358 985 465 1018 praeter
486 980 616 1010 actiones
637 981 796 1010 honestas.
822 979 858 1009 de
889 977 1097 1013 efficientibus,

207 1019 283 1049 nihil
300 1028 407 1061 praeter
422 1022 564 1052 amicum.
599 1023 658 1053 Sed
672 1029 701 1053 et
716 1022 916 1063 pertinentem
929 1027 958 1050 et
970 1019 1100 1050 efficien-

207 1068 269 1092 tem
282 1064 460 1113 sapientiam
478 1066 584 1095 volunt
599 1077 669 1096 esse.
698 1066 792 1101 Nam,
810 1065 883 1113 quia
894 1063 1041 1104 sapientia
1056 1068 1101 1092 est

205 1107 383 1136 conveniens
404 1108 492 1144 actio,
508 1107 616 1147 [estex
627 1109 695 1150 illo]
710 1108 845 1148 pertinen
838 1108 871 1137 ti
883 1116 1001 1147 genere,
1018 1104 1102 1145 quod

208 1148 282 1177 dixi.
316 1150 409 1186 Quod
430 1157 532 1180 autem
553 1151 692 1181 honestas
707 1151 837 1181 actiones
852 1150 938 1180 affert
953 1155 982 1179 et
998 1147 1099 1185 efficit,

209 1191 277 1221 ideo
293 1192 421 1222 efficiens
437 1193 495 1223 dici
511 1199 616 1234 potest.

251 1234 470 1273 XV11.Haec,
488 1247 556 1276 quae
571 1237 731 1285 praeposita
746 1236 889 1273 dicimus,
905 1234 1016 1275 partim
1030 1238 1101 1263 sunt

206 1287 260 1317 per
276 1288 306 1307 se
326 1277 391 1318 ipsa
409 1279 579 1319 piaeposita,
597 1280 707 1321 partim
724 1279 807 1321 quod
822 1277 939 1319 aliquid
954 1277 1100 1313 efficiunt,

207 1320 318 1361 partim
335 1327 508 1362 utrumque.
545 1323 604 1353 Ρο1
619 1334 660 1359 50,
677 1330 712 1353 ut
727 1322 852 1364 quidam
865 1321 986 1351 habitus
998 1320 1057 1350 oris
1072 1325 1101 1349 et

209 1363 322 1400 vultus,
341 1370 374 1393 ut
390 1371 496 1402 status,
514 1370 548 1394 ut
567 1373 687 1401 motns;
712 1365 742 1395 in
765 1365 877 1405 quibus
893 1370 963 1393 sunt
979 1369 1007 1393 et
1023 1373 1101 1403 prae-

207 1406 347 1446 ponenda
372 1407 524 1447 quaedam,
547 1415 576 1438 et
597 1408 775 1447 rejicienda.
801 1408 860 1437 alia
884 1407 921 1436 ob
944 1415 1009 1435 eam
1036 1415 1101 1435 rem

207 1449 368 1489 praeposita
384 1449 537 1487 dicuntur,
561 1451 643 1492 quod
663 1462 700 1481 ex
716 1462 746 1481 se
762 1449 878 1490 aliquid
900 1448 1041 1484 efficiant,
1066 1453 1101 1477 ut

208 1492 356 1532 pecunia;
382 1492 441 1522 alia
465 1500 566 1523 autem
592 1496 630 1524 ob
655 1500 817 1534 utramque
838 1502 914 1529 rem,
936 1498 970 1521 ut
990 1490 1102 1530 integri

209 1545 325 1572 sensus,
343 1541 376 1564 ut
392 1536 470 1565 bona
486 1537 634 1566 valetudo.

253 1577 302 1607 De
318 1578 397 1607 bona
411 1584 514 1608 autem
531 1580 605 1609 fam·
596 1592 613 1609 ι
630 1582 736 1620 (quam
759 1579 841 1609 enim
856 1577 1013 1618 appellant
1029 1575 1102 1604 ευδο-

209 1620 282 1660 lgm-1,
307 1620 407 1660 aptius
432 1627 475 1651 est
496 1622 552 1652 hoc
577 1623 641 1652 loco
665 1624 776 1652 bonam
798 1622 912 1651 famam
936 1619 1100 1660 appellare,

208 1673 302 1703 quam
318 1663 460 1703 gloiiam)
477 1665 666 1706 Chrysippus
682 1665 818 1706 quidem,
832 1671 861 1693 et
874 1663 1037 1702 Diogenes,
1050 1661 1102 1690 de-

209 1706 297 1736 tracta*
295 1718 305 1735 ι
320 1706 460 1743 utilitate,
477 1717 516 1737 ne
531 1708 661 1748 digitum
678 1707 813 1749 quidem,
831 1707 895 1746 ejus
911 1705 1012 1742 causa,
1033 1714 1103 1745 por-

210 1748 372 1789 rigendum
388 1760 450 1781 esse
464 1750 620 1782 dicebant:
648 1751 759 1792 quibus
775 1760 830 1791 ego
846 1749 1038 1780 vehementer
1055 1756 1104 1779 as-
