1226 1935
168 63 227 95 186
293 63 417 95 TUSC.
431 62 604 101 QUAEST.
621 63 700 93 Lm.
713 63 779 94 111.
796 63 880 94 Cn».
894 65 924 94 5.

172 150 230 181 hoc
244 150 338 189 idem,
355 150 436 191 quod
456 160 474 180 a
488 151 609 180 Socrate
623 155 780 190 acceptum
796 149 955 190 diligenter
969 147 1064 179 Stoici

175 194 376 230 retinuerunt,
393 203 497 224 omnes
517 192 689 232 insipientes
709 203 772 223 esse
792 202 853 222 non
873 202 969 222 sanos.
1002 191 1068 229 Qui

176 237 258 267 enim
274 237 394 266 animus
408 243 449 267 est
465 236 497 266 in
509 236 611 276 aliquo
623 237 740 271 morbo,
752 237 886 269 (morbos
898 242 999 264 autem
1012 235 1068 264 hos

178 281 368 321 perturbatos
388 285 501 317 motus,
517 285 551 309 ut
571 278 662 308 modo
681 278 756 315 dixi,
773 278 945 319 philosophi
965 277 1070 317 appel-

178 323 256 359 lant)
273 333 333 353 non
349 323 445 362 magis
461 328 504 352 est
524 332 624 357 sanus,
641 332 735 362 quam
755 321 787 351 id
807 331 914 361 corpus
935 320 1017 361 quod
1038 319 1069 349 in

180 367 286 396 morbo
311 371 363 396 est.
399 367 447 395 lta
470 365 515 402 fit,
541 371 575 394 ut
598 365 743 405 sapientia
763 364 874 394 sanitas
895 364 933 394 sit
951 363 1068 398 animi;

181 409 353 450 insipientia
369 415 482 445 autem,
499 408 585 448 quasi
605 407 749 437 insanitas
765 407 905 448 quaedam
929 405 1014 446 [quae
1030 411 1074 435 est

182 452 327 493 insania]‚
345 452 510 491 eademque
522 451 681 480 dementia.
706 450 871 490 Multoque
886 450 995 479 melius
1007 449 1072 478 haec

182 501 285 526 notata
300 500 370 524 sunt
386 494 482 524 verbis
498 493 627 529 Latinis,
641 504 734 533 quam
751 493 884 528 Graecis3
909 492 991 532 quod
1007 491 1074 521 aliis

185 548 307 579 quoque
329 537 434 567 multis
449 536 521 566 locis
536 534 708 576 reperietur.
744 536 804 566 Sed
818 535 850 564 id
865 535 956 565 alias:
981 544 1074 572 nunc,

186 581 269 623 quod
284 581 384 610 instat.

229 624 345 654 Totum
368 623 461 663 igitur
480 622 522 659 id,
544 622 626 663 quod
645 622 819 663 quaerimus,
841 621 915 662 quid
936 625 965 650 et
988 621 1078 661 quale

188 668 237 704 sit,
251 667 333 697 verbi
349 666 392 696 vis
408 666 473 706 ipsa
487 665 626 695 declarat.
651 665 713 695 Eos
730 665 810 695 enim
830 674 916 694 sanos
932 663 1077 704 quoniam

187 709 316 750 intelligi
351 719 468 739 necesse
498 714 552 745 est,
584 719 715 749 quorum
741 718 826 737 mens
862 713 959 743 motu,
992 706 1081 747 quasi

188 754 307 789 morbo,
324 753 499 793 perturbata
513 752 598 781 nullo
614 752 672 787 sit;
696 751 750 792 qui
766 756 868 781 contra
883 749 979 779 affecti
995 755 1077 787 sunt,

190 797 245 826 hos
259 796 379 826 insanos
401 795 545 835 appellari
567 804 684 825 necesse
705 800 757 824 est.
792 794 900 834 Itaque
920 792 996 822 nihil
1016 802 1081 822 me-

189 840 260 876 lius,
278 849 371 879 quam
387 838 468 878 quod
481 844 524 867 est
538 838 569 867 in
582 837 796 868 consuetudine
809 835 951 866 sermonis
965 835 1080 871 Latini,

191 893 263 913 cum
279 886 300 899 ‘⁶
315 883 411 912 exisse
427 891 464 910 ex
480 881 645 921 potestate''
662 881 790 910 dicimus
805 890 864 916 eos,
879 879 932 919 qui
948 878 1084 908 effrenati

193 926 331 956 feruntur
346 930 399 954 aut
414 924 539 953 libidine
554 930 607 953 aut
618 923 773 954 iracundia
787 934 794 952 ε
820 932 1008 963 quamquam
1018 921 1084 961 ipsa

191 968 348 1000 iracundia
362 967 496 997 libidinis
520 973 563 996 est
586 977 675 1007 pars:
702 967 742 996 sic
762 966 842 996 enim
863 965 1006 995 definitur
1026 964 1085 993 ira-

193 1011 315 1047 cundia,
333 1010 494 1040 ulciscendi
509 1009 612 1039 libido.
638 1010 702 1047 Qui
717 1009 809 1049 igitur
825 1010 921 1038 exisse
934 1018 970 1037 ex
986 1013 1086 1047 potes-

194 1061 255 1085 tate
284 1055 436 1090 dicuntur,
462 1052 570 1083 idcirco
594 1053 746 1089 dicuntur,
769 1052 841 1092 quia
870 1061 930 1080 non
957 1056 1028 1080 sunt
1053 1050 1085 1079 in

194 1104 339 1139 potestate
359 1096 479 1133 mentis,
497 1096 545 1126 cui
565 1106 693 1136 regnum
714 1095 804 1126 totius
825 1094 919 1124 animi
939 1104 958 1123 a
978 1093 1088 1123 natur&

194 1141 344 1172 tributum
361 1145 413 1169 est.
449 1139 548 1169 Graeci
569 1145 670 1168 autem
688 1144 793 1167 Μανιαν
819 1137 898 1167 unde
922 1136 1086 1177 appellent,

196 1195 257 1215 non
273 1183 359 1213 facile
375 1182 513 1212 dixerim.
542 1182 620 1212 Eam
638 1188 740 1211 tamen
755 1181 853 1221 ipsam
870 1179 1086 1219 distinguimus

197 1238 252 1258 nos
272 1226 391 1261 melius7
413 1235 506 1265 quam
527 1225 581 1255 illi.
615 1225 709 1255 Hanc
726 1224 806 1254 enim
827 1223 988 1259 insaniam,
1006 1233 1087 1262 qum,

195 1272 302 1310 juncta
323 1268 468 1304 stultitiae,
491 1274 572 1308 patet
591 1267 692 1305 latius,
714 1278 732 1297 a
752 1267 852 1296 furore
874 1265 1088 1305 disjungimus.

199 1313 298 1344 (ἐι-επὶ
315 1312 421 1345 volunt
436 1311 481 1341 issi
497 1311 641 1352 quidem;
666 1310 717 1340 sed
732 1320 841 1350 parum
857 1309 958 1338 valent
977 1310 1087 1338 verbo:

198 1367 290 1397 quem
314 1365 367 1388 nos
390 1354 534 1391 furorem,
554 1359 758 1394 Μελαγχολικν
781 1352 827 1382 illi
849 1358 975 1382 vocant:
1002 1351 1089 1392 quasi

198 1410 268 1430 vero
284 1398 348 1428 atrii
363 1398 417 1429 bili
433 1397 531 1427 solum
546 1407 643 1433 mens,
657 1406 691 1426 ac
706 1405 766 1426 non
782 1406 860 1436 smpe
873 1395 919 1424 vel
934 1394 1092 1424 iracundia

198 1442 344 1483 graviore,
362 1441 409 1470 vel
425 1440 543 1478 timore,
566 1440 613 1470 vel
629 1440 742 1474 dolore,
759 1444 926 1468 moveatur.
951 1438 1023 1475 Quo
1038 1448 1091 1477 ge-

197 1496 268 1516 nere
283 1484 517 1521 Athamantem,
535 1483 758 1519 Alcmaeonem,
775 1482 917 1520 Ajacem,
937 1480 1090 1517 Orestem,

198 1530 297 1561 furere
317 1527 455 1557 dicimus.
489 1526 554 1564 Qui
572 1526 615 1556 ita
634 1525 672 1556 sit
692 1525 826 1561 affectus,
843 1534 913 1554 eum
930 1523 1091 1553 dominum

198 1582 260 1603 esse
277 1581 377 1600 rerum.
394 1580 518 1599 suarum
535 1575 637 1601 vetant
652 1568 812 1598 duodecim
830 1567 942 1597 tabula}
956 1578 963 1596 :
988 1566 1092 1607 itaque

197 1626 257 1646 non
279 1621 322 1644 est
342 1613 499 1653 scriptum,
525 1617 547 1630 ‘⁴
567 1613 591 1642 si
616 1611 773 1647 insanus,'‘
799 1611 849 1641 sed
878 1614 900 1627 “
917 1611 940 1639 si
962 1609 1093 1639 furiosus

197 1669 260 1690 esse
280 1656 417 1697 incipit.''
452 1655 642 1696 [Insaniam]
665 1655 747 1685 enim
768 1659 950 1685 censuerunt
969 1652 1014 1685 <id
1036 1658 1091 1689 est,

195 1699 426 1732 inconstantiam
450 1699 577 1729 sanitate
596 1704 766 1733 vacantem)
783 1707 868 1738 posse
889 1703 991 1726 tamen
1014 1695 1093 1726 tucri

195 1743 432 1778 mediocritatem
443 1743 622 1779 officiorum,
638 1748 666 1772 et
683 1741 751 1771 vita:
767 1750 962 1772 communem
976 1739 1093 1770 cultum
