1226 1935
194 63 252 93 148
327 63 449 95 TUSC.
467 64 638 102 QUAEST.
656 63 735 94 L113.
751 63 777 94 Ι.
795 64 878 95 ΟΑΡ.
894 64 945 94 45.

190 148 263 178 Non
278 149 343 190 ipsa
354 159 426 179 saxa
435 150 531 190 magis
541 159 627 180 sensu
639 149 724 180 omni
735 150 895 185 vacabunt,
909 157 1002 189 quarn
1011 147 1074 185 ille,

188 191 280 221 latere
300 191 444 232 pendens,
467 193 515 223 eui
537 203 567 222 se
587 193 636 223 hic
656 193 823 223 cruciatum
844 197 942 222 censet
962 196 1075 231 optare.
1198 217 1199 231 χ

187 233 267 271 Quae
282 240 377 264 essent
392 235 478 272 dura,
496 235 520 266 si
535 236 668 274 sentiret,
689 236 776 265 nulla
796 235 859 265 sine
880 244 968 264 sensu
993 238 1073 263 sunt.
1198 233 1199 278 ζ

190 276 275 307 Illud
290 287 359 307 vero
374 288 521 319 perquam
536 279 626 308 inane
638 290 647 308 ε
1179 294 1181 307 ι
1198 287 1199 292 ’

232 337 254 353 “
271 336 382 377 Neque
397 337 579 377 sepulcrum,
596 347 658 378 quo
678 336 848 378 recipiatur,
869 336 990 374 habeat,
1006 344 1076 375 por-

357 385 424 408 tum
440 380 585 420 corporis:

229 421 305 461 Ubi,
331 422 454 452 remissa
477 422 613 453 humana
636 422 710 462 vita,
737 433 844 463 corpus
870 420 1036 463 requiescat
1056 430 1075 450 a

358 465 479 495 malis.”

187 533 294 573 Vides,
306 542 419 576 quanto
433 536 497 567 haec
512 537 543 567 in
560 546 657 567 errore
671 541 826 567 versentur
835 536 850 566 ?
874 534 1002 565 Portum
1013 543 1076 564 esse

187 579 330 618 corporis,
348 584 377 608 et
392 578 573 619 requiescere
588 580 619 609 in
641 579 777 619 sepulcro
798 583 885 619 putat
906 583 1073 607 mortuum.

188 620 307 661 Magna
323 622 412 662 culpa
429 622 560 663 Pelopis,
577 622 631 662 qui
653 631 713 651 non
734 621 876 651 erudierit
890 620 999 658 filium,
1021 629 1076 649 nec

186 663 331 701 docuerit,
349 675 400 704 qu
393 664 499 694 intenus
515 670 589 695 esset
605 664 740 705 quidque
756 663 934 694 curandum.

230 706 335 736 XLV.
360 707 419 736 Sed
429 708 503 748 quid
515 708 705 747 singulorum
715 706 870 747 opiniones
885 704 1076 735 animadver-

185 753 262 785 tam,
280 749 437 779 nationum
454 750 549 779 varios
565 760 676 780 errores
691 749 856 790 perspicere
875 758 945 778 curn
960 747 1074 778 liceat?

187 790 345 821 condiunt
367 793 508 833 AEryptii
532 798 678 829 mortuos,
704 798 733 822 et
756 802 805 822 eos
826 791 908 821 domi
933 796 1072 821 servant:

187 833 288 863 Persae
314 834 404 864 etiam
431 846 498 865 cera
527 835 709 865 circumlitos
739 834 883 871 condunt,
914 839 949 863 ut
979 843 1074 873 quam

183 877 321 907 maxime
344 884 541 918 permaneant
565 878 709 908 diuturna
734 887 867 918 corpora.
906 876 1075 915 Magorum

184 928 252 949 mos
274 927 328 957 est,
352 930 413 950 non
434 921 562 951 humare
584 931 706 961 corpora
728 930 864 957 suorum,
887 919 945 948 nisi
966 929 983 948 a
1003 918 1074 948 feris

184 961 244 991 sint
264 969 334 993 ante
354 963 475 993 laniata.
508 963 547 993 ln
572 963 626 1003 Hy
629 963 729 993 mania
750 963 835 1003 plebs
859 961 996 1002 publicos
1020 960 1075 991 aht

184 1014 293 1041 canes3
318 1005 487 1046 optimates,
509 974 708 1036 domesyticos:
732 1005 833 1035 nobile
854 1010 956 1034 autem
976 1013 1073 1043 genus

182 1057 294 1077 canum
310 1048 387 1078 illud
402 1049 512 1079 scimus
527 1059 608 1079 esse:
632 1048 683 1078 sed
698 1058 752 1088 pro
768 1048 823 1077 sua
835 1047 962 1088 quisque
977 1046 1074 1076 facul-

182 1094 245 1119 tate
260 1096 356 1130 parat,
374 1100 392 1120 a
407 1091 517 1131 quibus
537 1091 685 1121 lanietur:
710 1101 838 1130 eamque
857 1090 1004 1130 optimam
1026 1089 1073 1118 illi

184 1142 246 1162 esse
258 1138 378 1163 censent
389 1134 585 1174 sepulturam.
611 1134 769 1164 Permulta
780 1132 839 1162 alia
850 1132 965 1171 colligit
974 1131 1074 1171 Chry·

184 1174 300 1215 sippus,
317 1181 351 1205 ut
366 1181 409 1206 est
424 1177 455 1206 in
471 1176 554 1206 omni
570 1176 696 1206 historia
710 1176 862 1206 curiosus:
881 1174 931 1204 sed
943 1174 986 1204 ita
997 1180 1074 1204 tetra

184 1224 255 1247 sunt
270 1218 421 1258 quaedam,
439 1225 473 1249 ut
489 1230 523 1249 ea
538 1219 635 1259 fugiat
650 1225 679 1249 et
693 1218 866 1249 reformidet
880 1217 983 1247 oratio.
1007 1217 1073 1247 To-

184 1265 233 1289 tus
248 1260 341 1300 igitur
355 1261 404 1291 hie
419 1262 502 1292 locus
523 1268 567 1292 est
582 1261 819 1292 contemnendus
838 1260 870 1290 in
891 1260 988 1297 nobis,
1010 1269 1071 1290 non

181 1303 381 1343 negligendus
404 1304 435 1333 in
460 1304 588 1339 nostris;
617 1304 660 1334 ita
685 1310 797 1340 tamen,
823 1309 858 1333 ut
881 1309 1072 1333 mortuorum

182 1355 307 1385 corpora
330 1346 406 1376 nihil
432 1347 541 1377 sentire
566 1346 739 1377 sentiamus.
778 1346 940 1384 Quantum
967 1351 1070 1375 autem

181 1389 393 1418 consuetudini
417 1389 566 1430 famaeque
587 1389 723 1419 dandum
745 1388 793 1425 sit,
817 1388 848 1418 id
871 1394 975 1418 curent
997 1388 1070 1426 vivi,

181 1430 233 1460 sed
249 1431 301 1469 ita,
318 1438 353 1461 ut
367 1431 549 1472 intelligant,
566 1432 642 1462 nihil
658 1431 696 1461 ad
712 1438 845 1461 mortuos
861 1431 1017 1471 pertinere

223 1473 283 1504 Sed
302 1474 434 1514 profecto
455 1484 535 1504 mors
555 1480 622 1505 tum
644 1474 814 1515 aequissimo
834 1474 937 1504 animo
952 1473 1069 1513 oppeti-

181 1520 243 1553 tur,
260 1526 330 1546 cum
348 1517 409 1546 suis
429 1527 459 1547 se
474 1517 615 1547 laudibus
631 1517 692 1547 vita
706 1517 842 1547 occidens
857 1516 1001 1546 consolari
1017 1526 1072 1556 po-
1196 1543 1197 1559 ζ
1216 1549 1218 1559 7

180 1563 247 1588 test.
273 1559 374 1589 Nemo
395 1570 505 1599 parum
528 1560 579 1589 diu
603 1560 689 1596 vixit,
712 1560 765 1600 qui
790 1559 906 1590 virtutis
929 1558 1069 1598 perfectae
1196 1564 1197 1587 l

179 1601 313 1641 perfecto
336 1602 459 1633 functus
485 1608 529 1632 est
552 1613 686 1633 munere.
719 1603 825 1632 'Multa
848 1601 925 1630 mihi
947 1601 1003 1641 ipsi
1030 1601 1069 1630 ad

177 1650 309 1674 mortem
335 1645 511 1685 tempestiva
534 1645 676 1676 fuerunt:
702 1655 794 1686 quam
814 1644 932 1674 utinam
953 1643 1069 1684 potuis-

174 1697 239 1716 sem
265 1687 367 1717 obire!
394 1688 481 1718 Nihil
502 1688 583 1718 enim
608 1689 673 1727 jam
696 1688 926 1728 acquirebatur:
958 1696 1068 1718 cumu-

172 1729 234 1761 lata
252 1735 336 1763 erant
351 1730 447 1762 officia
463 1731 551 1762 vitae:
575 1741 645 1763 cum
661 1731 783 1763 fortuna
803 1730 884 1762 bella
904 1730 1066 1760 restabant.

1200 1822 1201 1834 ι
1218 1780 1223 1835 1

901 1838 1226 1935 ῌ-ψὲ
