1226 1935
283 44 407 77 TUSC.
419 44 592 83 QUAEST.
604 44 683 76 Lm.
701 44 767 75 III.
781 43 864 75 CAP.
878 45 929 75 34.
990 44 1053 74 215

162 136 249 170 putet
267 141 329 162 esse
344 138 470 169 rectum,
488 142 518 163 se
534 142 627 172 quam
643 132 777 161 maxime
797 130 972 167 excruciari,
988 130 1053 160 luc-

161 178 259 214 tuque
272 174 397 211 confici;
423 185 484 216 quo
499 175 621 215 pravius
637 175 714 204 nihil
725 184 787 204 esse
797 175 897 215 possit.
923 173 1055 203 Edocuit

161 221 263 247 tamen
279 218 365 256 ratio,
380 224 414 248 ut
430 218 506 248 mihi
519 218 641 258 quiden]
659 217 787 255 videtur,
802 227 871 247 cum
884 217 940 247 hoc
953 217 1054 257 ipsum

160 261 280 300 proprie
296 271 355 291 non
373 267 557 302 quaereretur
568 261 624 291 hoc
637 267 783 301 tempore,
797 270 872 289 num
886 259 967 300 quod
981 264 1056 289 esset

161 303 291 341 malum,
309 304 366 334 nisi
382 304 463 345 quod
479 305 560 334 idem
576 304 635 334 dici
652 310 739 344 turpe
754 309 874 344 posset3
900 309 1001 332 tamen
1017 308 1052 332 ut

161 345 343 383 videremus,
358 347 508 388 quidquid
525 353 599 378 esset
615 347 646 377 in
658 346 836 387 aegritudine
852 345 937 383 mali,
949 345 979 374 id
991 355 1052 375 non

160 390 297 420 naturale
324 401 396 426 esse,
425 391 475 421 sed
505 390 677 421 voluntario
703 389 818 429 judicio
845 395 874 419 et
904 388 1054 429 opinionis

158 441 256 462 errore
270 439 468 464 contractum.

203 475 366 507 XXXIV.
391 476 571 507 Tractatum
588 482 631 507 est
647 481 749 506 autem
765 486 783 506 a
798 475 884 505 nobis
905 474 936 504 id
956 484 1052 515 genus

160 518 358 558 aegritudinis,
376 520 458 560 quod
474 530 571 550 unum
588 524 632 550 est
648 520 786 549 oninium
802 518 987 555 maximum,
1004 523 1050 554 ut,

158 570 194 591 eo
209 563 339 600 sublato,
357 563 543 604 reliquorum
559 563 692 593 remedia
710 573 748 592 ne
763 571 946 602 magnopere
969 571 1054 601 quae-

159 604 253 635 renda
268 606 492 636 arbitraremur
526 608 605 637 Sunt
625 607 705 636 enim
726 611 816 641 certa,
834 615 903 646 quae
918 604 956 633 de
976 614 1052 644 pau-

158 654 294 687 pertate3
320 655 410 687 certa,
436 661 505 691 quae
524 650 561 680 de
582 649 645 680 vita
664 648 845 679 inhonorata
871 654 899 678 et
922 647 1052 688 ingloria

157 690 217 721 dici
234 692 356 723 soleant.
382 693 551 742 Separatim
567 699 655 723 certae
670 692 779 723 scholae
794 696 865 721 sunt
880 690 917 720 de
933 690 1050 728 exsilio,

157 733 196 764 de
211 734 334 766 interitu
350 737 466 776 patriae,
483 736 520 766 de
536 736 688 773 servitute,
706 735 743 765 de
759 734 924 770 debilitate,
941 733 979 763 de
995 744 1051 764 cae-

157 777 257 815 estate,
275 785 304 809 et
319 778 356 809 de
372 780 455 810 omni
471 790 553 817 casu,
570 779 601 809 in
618 789 679 820 (1110
694 788 806 808 nomen
823 777 895 818 poni
912 776 987 807 solet
1002 787 1051 807 ca-

156 819 310 852 lamitatis.
344 822 421 852 Haec
438 822 537 853 Graeci
557 822 589 852 in
605 822 738 862 singulas
754 821 881 857 scholas,
898 826 927 850 et
941 819 973 849 in
990 819 1051 849 sin-

156 864 245 904 gulos
254 865 357 903 libros,
369 865 564 906 dispertiunt:
582 876 659 906 opus
670 865 750 895 enim
761 875 802 905 qu
795 869 919 894 aerunt:
940 873 1050 904 quam-

157 918 252 948 quam
267 909 366 949 plenae
381 908 598 950 disputationes
614 907 818 939 delectationis
837 913 915 937 sunt.
946 906 989 936 Et
1005 911 1050 936 ta-

155 959 238 988 men,
256 958 290 982 ut
305 952 425 989 medici,
437 958 499 982 toto
514 963 636 993 corpore
652 950 945 988 curando,1ninimae
955 949 1047 979 etiam

156 994 246 1034 parti,
264 995 288 1025 si
304 995 469 1031 condoluit
491 995 671 1031 medentum
697 994 738 1024 sic
758 993 960 1042 philosophia,
977 1002 1049 1022 cum

156 1037 231 1067 univ
233 1048 329 1068 ersam
346 1038 556 1079 aegritudinem
573 1019 707 1075 sustulit,
724 1043 837 1073 tamen,
851 1037 875 1067 si
888 1036 956 1077 quis
968 1045 1049 1065 error

155 1080 278 1111 aliunde
294 1081 417 1118 exstitit,
435 1081 459 1111 si
474 1087 635 1123 paupertas
647 1061 822 1118 moinordit,
840 1080 865 1109 si
880 1078 1049 1120 ignominia

154 1125 297 1165 pupugit
319 1124 343 1154 si
365 1104 439 1166 quid
459 1127 650 1155 tenebrarum
672 1124 781 1154 offudit
805 1123 969 1153 exsilium·
960 1145 969 1157 ,
994 1127 1048 1151 aut

155 1177 271 1205 eorum,
289 1178 358 1209 quae
373 1168 464 1198 modo
480 1168 555 1206 dixi,
573 1168 597 1198 si
609 1168 683 1209 quid
699 1167 833 1202 exstitit3
855 1166 1047 1206 singularum

154 1221 256 1240 rerum
273 1217 343 1241 sunt
358 1212 486 1252 propriae
501 1211 736 1242 consolationes·
728 1234 737 1246 ,
763 1210 800 1239 de
815 1209 926 1251 quibus
942 1208 1046 1238 audies

153 1258 187 1283 tu
204 1254 340 1294 quidem,
363 1265 433 1285 cum
450 1255 551 1285 voles.
577 1255 627 1285 sed
643 1254 682 1284 ad
703 1253 844 1284 eumdem
865 1253 981 1282 fontem
1001 1261 1046 1281 re-

153 1297 333 1327 vertendum
349 1304 403 1334 est,
422 1298 633 1338 aegritudinem
648 1308 771 1327 omnem
786 1296 892 1337 procul
907 1297 1009 1325 abesse
1029 1305 1047 1324 a

151 1340 296 1381 sapiente,
319 1341 401 1381 quod
421 1341 451 1370 in
454 1351 491 1370 an
494 1341 518 1371 is
542 1342 590 1378 sit,
613 1341 695 1382 qnod
718 1340 829 1370 frustra
851 1338 1043 1386 suscipiatur,

153 1383 235 1424 quod
251 1394 311 1414 non
325 1384 427 1414 natur·
416 1397 433 1414 ,1
449 1385 612 1421 exoriatur,
626 1384 677 1414 sed
690 1383 815 1423 judicio,
827 1382 878 1413 sed
890 1381 1044 1422 opinione,

154 1426 205 1456 sed
221 1427 355 1467 quadam
370 1427 546 1458 invitatione
561 1428 600 1458 ad
614 1427 792 1463 dolendum,
810 1436 880 1456 cum
896 1425 928 1454 id
943 1424 1044 1454 decre-

153 1469 284 1500 verimus
300 1470 342 1500 ita
357 1470 421 1500 fieri
437 1477 581 1512 oportere.

198 1513 267 1544 Hoc
282 1513 425 1551 detracto,
443 1525 483 1554 qu
476 1514 525 1544 :od
542 1521 640 1544 totum
661 1519 705 1544 est
720 1512 938 1548 voluntarium,
956 1510 1043 1550 aegri-

152 1555 227 1586 tudo
242 1556 297 1586 erit
313 1557 432 1587 sublata
447 1558 500 1587 illa
514 1567 661 1587 nioerens:
686 1567 805 1587 morsus
817 1562 918 1585 tamen
932 1560 960 1584 et
973 1564 1043 1584 con-

150 1599 359 1630 tractiunculae
375 1601 516 1641 quaedam
531 1601 626 1630 animi
641 1600 859 1640 relinquentur.
890 1598 981 1627 Hanc
997 1596 1043 1626 di-

152 1650 222 1673 cant
237 1653 308 1672 sane
322 1644 503 1682 naturalem,
521 1644 596 1674 dum
617 1643 804 1684 aegritudinis
824 1651 933 1672 nomen
951 1639 1040 1677 absit,

148 1696 251 1726 grave,
268 1690 391 1725 tetrum,
414 1686 581 1724 funestum,
602 1687 685 1728 quod
707 1696 778 1717 cum
800 1684 948 1726 sapientia
968 1693 1041 1720 esse,

148 1734 242 1771 atque
266 1731 314 1764 (ut
338 1729 380 1760 ita
403 1729 516 1769 dicam)
540 1730 687 1769 habitare,
712 1729 798 1760 nullo
822 1728 914 1760 modo
937 1726 1040 1768 possit.
