1226 1935
251 54 313 87 DE
337 53 445 86 NA'r.
469 53 606 85 DEOR.
631 53 752 84 L1n.1.
769 53 852 86 CAP.
869 55 920 86 39.
965 55 1030 86 331

147 141 256 178 nerim,
273 147 340 171 tum
356 140 394 171 ad
409 140 548 171 animum
563 151 667 171 meum
680 140 862 171 referantur:
883 140 940 171 hoc
950 140 1033 171 idem

149 184 213 214 fieri
228 185 259 214 in
276 184 354 220 Deo,
375 185 462 223 cujus
482 184 585 214 crebra
600 183 674 213 facie
689 184 841 223 pellantur
856 183 971 220 animi;
995 193 1034 214 ex

149 237 210 268 quo
226 237 287 257 esse
303 227 382 256 beati
397 234 488 268 atque
503 226 605 257 aeterni
620 226 837 266 intelligantur.

194 270 254 300 Fac
269 270 416 309 imagines
431 280 503 306 esse,
520 269 632 310 quibus
652 270 811 310 pulsentur
831 269 944 299 animi:
970 280 1037 310 spe-

149 312 208 342 cies
223 312 372 342 duntaxat
387 313 527 351 objicitur
544 312 704 353 quaedam:
730 321 805 341 num
822 312 912 341 etiam
933 322 986 342 cur
1003 323 1038 342 ea

150 356 239 386 beata
260 355 319 386 sit?
342 366 395 385 cur
416 355 548 386 aeterna?
583 355 663 393 Quae
683 360 785 385 autem
806 354 870 384 istae
890 355 1039 395 imagines

152 404 267 435 vestrae,
284 403 337 428 aut
352 398 454 428 unde?
476 409 494 428 a
510 398 685 428 Democrito
696 397 820 427 omnino
832 397 896 427 haec
908 397 1038 427 licentia.

152 441 212 472 Sed
227 447 256 471 et
271 441 322 471 ille
337 441 533 482 reprehensus
549 452 567 471 a
581 441 687 471 multis
702 447 763 476 est;
784 450 838 470 nec
854 451 905 471 vos
921 440 1039 470 exitum

152 484 305 524 reperitis:
334 489 456 525 totaque
480 495 526 514 res
550 484 681 520 vacillat,
705 489 734 514 et
758 483 914 513 claudicat.
953 483 1039 513 Nam

153 527 228 567 quid
243 533 297 564 est,
315 527 396 568 quod
412 528 514 557 minus
529 527 649 568 probari
664 527 768 567 possit,
790 537 883 567 quam
899 526 1039 556 omnium

152 570 185 600 in
206 580 255 600 me
275 570 433 600 incidere
425 570 583 610 imagines,
607 569 747 606 Homeri,
770 569 958 606 Archilochi,
976 569 1040 599 Ro-

154 613 243 649 muli,
262 614 386 649 Numae,
411 613 602 653 Pythzgtrorae,
627 613 774 650 Platonis,
796 622 850 643 nec
870 623 908 642 ex
928 611 1040 650 forma,

154 656 217 696 qua
236 656 282 686 illi
304 656 451 686 fuerunt?
486 655 649 694 Quomodo
673 666 743 696 ergo
764 655 832 685 illi?
859 661 889 685 et
910 665 1043 696 quorum

154 699 324 740 imagines?
354 699 515 740 Orpheum
531 702 652 740 po'e'tam
668 699 753 729 docet
767 698 947 728 Aristoteles
962 708 1042 727 nun-

153 753 248 782 quam
264 743 375 773 fuisse:
401 748 429 773 et
449 743 505 773 hoc
527 742 699 782 Orphicum
721 751 841 772 carmen
860 741 1043 782 Pythagorei

154 785 256 815 ferunt
279 785 439 825 cujusdam
463 786 555 816 fuisse
579 785 729 825 Cercopis.
763 785 810 815 At
833 784 988 825 Orpheus,
1012 783 1043 813 id

155 834 209 865 est,
236 829 338 869 imago
361 830 437 868 ejus,
462 834 496 859 ut
519 839 570 859 vos
594 828 695 864 vultis,
722 828 754 857 in
777 828 915 857 animum
938 837 1044 857 meum

154 881 233 912 saepe
244 872 378 902 incurrit.
400 872 497 909 Quid,
511 871 594 912 quod
606 871 740 910 ejusdem
752 871 884 900 hominis
896 871 927 900 in
939 880 1045 900 meum

154 915 232 951 aliae,
250 915 316 945 aliae
331 915 362 944 in
378 915 492 944 tuum?
515 915 612 952 Quid,
629 914 711 955 quod
727 924 831 944 earum
847 924 959 949 rerum,
977 924 1046 953 quae

155 967 314 998 nunquam
329 958 454 988 omnino
468 957 603 994 fuerunt,
626 967 724 998 neque
742 967 803 987 esse
819 962 994 997 potuerunt,
1011 961 1046 986 ut

157 1000 277 1041 Scyllae,
303 1007 337 1031 ut
362 1000 545 1031 Chimaerae‘?
577 1000 674 1038 Quid,
699 1000 781 1041 quod
803 999 976 1037 hominum,
1000 999 1046 1029 10-

158 1054 274 1082 corum,
302 1044 426 1074 urbium
452 1054 568 1081 earum,
597 1054 672 1083 quas
698 1053 858 1083 nunquam
886 1042 1044 1073 vidimus?

159 1086 257 1124 Quid,
283 1087 376 1128 quod,
397 1087 489 1117 simul
512 1098 546 1116 ac
568 1086 645 1116 mihi
668 1086 838 1116 collibitum
862 1091 916 1123 est,
938 1091 1047 1126 praesto

160 1136 203 1159 est
221 1130 344 1171 imago?
377 1130 474 1168 Quid,
499 1130 581 1171 quod
601 1129 692 1160 etiam
714 1129 753 1160 ad
775 1128 976 1159 dormientem
996 1139 1047 1159 ve-

159 1173 250 1203 niunt
264 1173 430 1204 invocatae?

204 1216 368 1246 XXXIX.
396 1216 477 1246 Tota
496 1227 554 1255 res,
575 1216 687 1254 Vellei,
711 1215 872 1257 nugatoria
894 1221 947 1246 est.
981 1215 1048 1246 Vos

161 1265 263 1290 autem
279 1270 340 1290 non
355 1260 446 1290 modo
465 1260 559 1290 oculis
578 1259 736 1300 imagines,
754 1259 805 1290 sed
825 1259 918 1289 etiam
938 1258 1049 1289 animis

161 1302 337 1333 inculcatis:
363 1309 447 1333 tanta
462 1309 506 1333 est
520 1303 686 1343 impunitas
700 1301 860 1343 garriendi.
893 1302 940 1332 At
955 1312 1049 1343 quam

160 1346 304 1376 licenter!
335 1347 357 1364 “
371 1346 549 1376 Fluentium
564 1346 737 1386 frequenter
758 1345 893 1375 transitio
912 1345 946 1375 fit
962 1345 1049 1375 visio-

161 1398 249 1425 num,
266 1395 301 1419 ut
316 1399 332 1419 e
346 1389 452 1419 multis
469 1399 529 1419 una
544 1388 712 1419 videatur.''
741 1389 874 1419 Puderet
888 1398 938 1418 me
954 1387 1051 1418 dicere

162 1441 222 1462 non
238 1432 415 1472 intelligere,
438 1432 463 1462 si
483 1443 534 1462 vos
552 1432 610 1472 ipsi
625 1431 841 1472 intelligeretis,
859 1431 913 1472 qui
927 1431 985 1461 ista
999 1431 1052 1460 de-

163 1475 294 1506 fenditis.
327 1476 399 1513 Quo
418 1475 510 1505 modo
531 1475 612 1505 enim
632 1476 752 1516 probas,
774 1474 960 1505 continenter
975 1473 1052 1503 ima*

163 1518 247 1558 gines
262 1518 354 1549 ferri?
377 1524 441 1556 aut,
459 1519 483 1548 si
499 1519 696 1555 continenter,
719 1528 780 1559 quo
798 1517 888 1547 modo
911 1518 1052 1547 aeternae?

165 1564 187 1578 ‘⁴
211 1561 512 1599 Innumerabilitas,''
542 1562 655 1602 inquis,
687 1564 710 1578 “
735 1560 908 1601 suppeditat
937 1566 1054 1589 atomo·
1080 1587 1082 1589 ,

166 1605 269 1634 rum.''
302 1605 390 1634 Num
406 1605 510 1634 eadem
527 1615 597 1645 ergo
611 1605 669 1634 ista
688 1604 809 1640 facient,
827 1610 861 1633 ut
877 1603 935 1633 sint
951 1602 1055 1632 omnia

167 1647 372 1688 sempiterna?
406 1647 554 1688 Confugis
574 1648 612 1677 ad
633 1647 878 1688 aequilibritatem
900 1645 954 1679 (sic
972 1645 1054 1675 enim

158 1695 324 1730 Anartium,
341 1691 365 1722 si
380 1690 489 1732 placet,
506 1691 729 1733 appellemus);
754 1696 783 1721 et
798 1689 853 1728 ais,
875 1691 898 1708 “
909 1688 1056 1731 quoniam
