1180 1935
181 94 242 126 DE
267 95 375 126 NAT.
393 95 531 126 DEOR.
549 95 629 125 Lm.
647 95 692 126 II.
712 95 796 126 CAP.
816 95 866 126 14.
910 94 972 127 351

82 191 153 212 cum
165 181 204 212 sit
215 181 342 222 optima,
356 191 416 212 non
429 181 564 222 primum
577 181 764 212 animantem
781 191 854 217 esse‚
867 180 977 211 deinde

83 224 206 255 rationis
221 231 250 255 et
265 225 381 255 consilii
402 231 585 265 compotem,
607 230 759 265 postremo
780 224 947 265 sapientem
961 225 976 254 ?

82 269 136 308 qui
153 267 234 297 enim
250 274 347 308 potest
362 268 448 298 aliter
464 278 526 298 esse
546 268 688 308 optima?
714 268 825 308 Neque
841 267 899 297 enix
899 278 934 305 n,
952 266 977 297 si

82 311 222 351 stirpium
239 311 345 341 similis
357 311 406 348 sit,
423 317 476 340 aut
488 311 578 341 etiam
595 311 771 348 bestiarum,
789 310 904 351 optima
919 321 978 350 pu-

82 354 175 384 tanda
195 354 232 384 sit
252 354 364 403 potius}
390 364 484 394 quam
509 354 688 384 deterrima.
714 363 768 383 nec
789 364 869 390 νοω,
890 353 913 383 si
930 363 978 383 ra-

82 396 171 427 tionis
183 397 331 437 particeps
343 398 391 434 sit,
408 408 463 427 nec
478 397 516 427 sit
532 403 633 427 tamen
650 408 667 426 a
682 396 830 437 principio
846 396 977 437 sapiens⁷

81 449 142 470 non
164 440 202 470 sit
223 440 351 470 deterior
371 420 479 470 ximndi
500 441 611 481 potius,
634 450 727 480 quam
748 439 885 469 humana
906 449 977 469 con-

81 482 165 513 ditio.
191 483 296 513 Homo
316 483 398 513 enim
420 483 538 524 sapiens
554 483 618 513 fieri
634 489 749 524 potest:
775 482 909 512 mundus
922 493 977 511 au-

80 531 154 564 tem,
178 526 202 556 si
223 527 254 556 in
277 532 387 556 aeterno
408 527 551 567 praeteriti
572 526 714 567 temporis
736 525 833 566 spatio
854 525 913 555 fuit
928 525 977 554 in-

80 569 202 610 sipiens,
226 579 386 610 nunquam
403 569 536 610 profecto
555 570 733 610 sapientiam
755 574 974 609 consequetur:

79 612 122 642 ita
142 612 198 642 erit
217 612 341 643 homine
362 613 499 643 deterior.
535 612 629 650 Quod
645 613 790 653 quoniam
807 611 975 641 absurdum

79 661 134 693 est,
149 661 177 685 et
189 655 307 696 sapiens
318 666 336 686 a
348 656 496 696 principio
508 656 654 693 mundus,
666 662 695 686 et
707 656 804 691 Deus,
817 654 976 685 habendus

80 704 133 728 est.
167 699 278 739 Neque
294 699 376 729 enim
396 705 439 729 est
460 699 630 740 quidquam
651 699 735 728 aliud
755 703 863 739 praeter
883 708 976 727 mun-

79 741 167 779 dum,
192 743 240 772 cui
256 742 333 772 nihil
348 742 436 779 absit,
453 742 596 783 quodque
608 742 745 782 undique
761 747 868 782 aptum
884 748 977 781 atque

79 785 248 825 perfectum
268 785 487 827 expletumque
503 785 541 815 sit
561 785 704 816 omnibus
719 785 781 815 suis
796 784 931 814 numeris
947 789 977 814 et

79 828 227 869 partibus.

123 871 218 902 XIV.
243 871 322 901 Scite
346 871 429 902 enim
453 871 654 912 Chrysippus,
679 876 724 907 ut,
749 871 847 911 clypei
871 870 974 908 cause,

77 914 293 950 involucrum;
323 915 465 955 vaginam
491 921 606 951 autem,
638 914 752 955 gladii3
783 915 835 951 sic,
865 920 976 955 praeter

78 957 243 995 mundum,
260 964 367 987 caetera
381 958 484 988 omnia
496 958 626 988 aliorum
638 958 729 987 caus-2⁴„
741 968 804 987 esse
819 962 973 997 generata,

78 1006 113 1030 ut
133 1011 181 1030 eas
202 1000 304 1041 fruges
325 1007 416 1042 atque
437 1001 553 1031 fructus
575 1012 650 1042 quos
675 1006 753 1030 terra
773 1000 883 1040 gignit⁷
909 1000 976 1029 ani-

77 1044 230 1074 mantium
257 1044 367 1080 caus‘213
396 1044 565 1074 animantes
591 1049 706 1081 autem⁷
730 1044 891 1073 hominum
904 1054 913 1078 ;
938 1048 974 1072 ut

79 1097 206 1128 equum,
230 1087 359 1117 vehendi
374 1087 485 1123 cause-3
510 1087 626 1125 arandi,
643 1088 774 1123 bovem3
799 1086 929 1117 venandi
945 1091 975 1116 et

78 1129 275 1167 custodiendi,
300 1140 415 1160 canem.
449 1131 520 1171 Ipse
540 1136 643 1160 autem
663 1130 756 1160 homo
776 1135 859 1159 ortus
875 1135 919 1159 est
934 1129 974 1159 ad

78 1173 231 1203 mundum
247 1173 517 1214 contemplandum
530 1179 559 1203 et
569 1173 766 1211 imitandum,
783 1173 869 1202 nullo
881 1172 973 1202 modo

77 1216 248 1258 perfectus;
273 1217 325 1247 sed
345 1222 390 1247 est
413 1217 555 1257 quaedam
579 1216 728 1257 particula
748 1216 881 1257 perfecti.
913 1215 973 1246 Sed

77 1260 223 1296 mundus,
257 1260 402 1300 quoniam
427 1260 531 1290 omnia
556 1260 734 1300 complexus
761 1265 816 1297 est,
847 1269 902 1289 nec
929 1264 974 1289 est

77 1303 247 1344 quidquam
269 1303 352 1344 quod
370 1313 431 1333 non
452 1303 523 1333 insit
543 1303 575 1332 in
597 1314 642 1341 eo,
665 1303 815 1344 perfectus
836 1302 974 1342 undique

78 1352 131 1376 est.
156 1346 242 1384 Quid
257 1346 351 1386 igitur
365 1352 463 1386 potest
477 1347 503 1376 ei
519 1346 629 1383 deesse,
643 1346 726 1387 quod
738 1351 781 1376 est
793 1345 944 1385 optimum
957 1347 972 1375 ?

79 1389 169 1419 Nihil
185 1395 288 1419 autem
304 1396 348 1420 est
362 1396 465 1420 mente
481 1395 509 1420 et
524 1389 639 1419 ratione
654 1389 772 1419 melius.
808 1389 893 1428 Ergo
908 1388 974 1418 haec

77 1432 194 1463 mundo
209 1433 310 1463 deesse
325 1443 386 1463 non
402 1439 537 1473 possunt.
570 1433 656 1462 Bene
667 1432 760 1472 igitur
775 1431 857 1461 idem
874 1431 975 1471 Chry-

78 1476 193 1516 sippus‚
218 1476 282 1517 qui,
307 1476 520 1506 similitudines
535 1476 716 1516 adjungens,
733 1475 837 1505 omnia
857 1475 889 1504 in
904 1485 974 1514 per-

77 1519 162 1550 fectis
178 1525 207 1550 et
218 1525 303 1549 matu
306 1519 345 1549 ris
360 1519 446 1549 docet
462 1530 524 1550 esse
535 1519 672 1556 meliora,
689 1525 723 1548 ut
735 1518 766 1548 in
784 1528 862 1559 equo
878 1527 973 1558 quam

77 1562 109 1592 in
125 1562 272 1611 equulo,
264 1572 297 1592 111
312 1573 355 1592 cai
356 1573 385 1593 ie
405 1573 487 1603 quan
489 1573 499 1592 1
515 1563 546 1592 in
568 1562 678 1599 catulo,
701 1562 732 1591 in
749 1561 812 1591 viro
831 1571 925 1601 quam
940 1560 973 1590 in

77 1616 192 1653 puero;
216 1606 301 1643 item,
326 1605 408 1647 quod
429 1606 460 1635 in
476 1605 560 1636 omni
576 1605 692 1635 mundo
707 1605 859 1645 optimum
876 1604 924 1639 sit
940 1603 973 1633 id

77 1648 110 1678 in
129 1649 260 1689 perfecto
281 1649 384 1690 aliquo
404 1655 496 1690 atque
520 1649 657 1679 absoluto
682 1659 744 1678 esse
769 1647 885 1677 debere.
915 1646 975 1676 Est

77 1698 180 1722 autem
195 1692 273 1722 nihil
288 1692 404 1722 mundo
419 1692 599 1733 perfectius;
623 1691 700 1722 nihil
721 1691 831 1722 virtute
851 1690 972 1720 melius.

77 1734 178 1774 Igitur
192 1735 302 1766 mundi
317 1742 361 1766 est
375 1735 497 1776 propria
518 1736 622 1765 virtus.
662 1735 730 1765 Nec
750 1744 820 1764 vero
840 1732 974 1763 hominis

76 1784 185 1810 natura
199 1779 332 1820 perfecta
343 1785 406 1810 est:
424 1784 454 1810 et
469 1778 597 1810 efficitur
608 1784 710 1809 tamen
726 1777 758 1808 in
774 1776 897 1807 homine
912 1775 973 1807 vir·
