1226 1935
264 87 386 122 TUsc.
403 88 576 128 QUAEST.
596 89 673 119 Lm.
694 87 752 119 IV.
770 88 853 119 CAP.
876 88 924 119 19.
980 86 1045 118 233

156 186 225 207 sum
241 181 296 215 est,
313 182 379 207 tum
396 186 431 207 eo
445 175 611 212 molestius,
624 175 697 216 quia
712 180 782 205 sunt
796 174 826 204 in
838 174 974 209 lubrico;
998 174 1045 204 in-

155 219 305 260 citataque
317 220 420 257 semel,
432 219 563 260 proclive
574 219 731 256 labuntur,
743 217 944 258 sustinerique
958 218 1045 247 nullo

155 261 246 293 modo
260 268 395 303 possunt.

197 305 293 336 XIX.
317 304 428 343 Quid?
451 304 532 346 quod
556 304 647 335 iidem
670 303 861 344 Peripatetici
886 304 1044 344 perturba‘

155 348 251 379 tiones
276 348 358 385 istas,
386 358 462 389 quas
490 357 544 378 nos
568 347 776 388 exstirpandas
799 352 954 388 putamus,
981 356 1042 377 non

153 391 245 423 modo
259 392 411 422 naturales
426 401 488 421 esse
502 391 618 427 dicunt,
635 390 686 420 sed
705 390 795 420 etiam
817 390 931 420 utiliter
951 400 969 419 a
990 399 1044 419 na-

153 434 224 465 turi!¹
238 434 323 465 datas
335 436 349 465 ,⁹
372 444 503 475 quorum
519 440 562 464 est
572 434 639 464 talis
654 433 757 463 oratio.
782 433 923 463 Primum
938 433 1044 463 multis

150 477 250 508 verbis
270 477 457 508 iracundiam
478 477 625 507 laudant:
656 482 753 506 cotem
775 475 960 506 fortitudinis
983 486 1045 506 esse

142 520 280 556 *dicunt3
310 520 478 561 multoque,
507 525 536 550 et
561 520 593 549 in
616 519 734 550 hostem
759 525 789 549 et
811 519 843 548 in
867 519 1042 559 improbum

151 563 259 601 civem,
279 563 514 593 vehementiores
534 563 680 593 iratorum
700 562 833 603 impetus
857 572 939 592 esse:
963 562 1043 592 leves

152 612 256 636 autem
271 606 456 636 ratiunculas
471 616 575 636 eorum
591 606 645 646 qui
657 606 699 635 ita
710 605 875 646 cogitarent
888 616 898 641 ς
924 606 946 623 “
957 605 1043 635 Proe-

151 648 229 679 lium
255 656 370 679 rectum
397 655 439 679 est
463 649 520 679 hoc
543 649 629 679 fieri:
654 649 793 679 convenit
818 648 962 678 dimicare
987 657 1043 688 pro

150 692 280 732 legibus,
297 703 352 732 pro
366 692 513 728 libertate,
530 702 585 732 pro
599 691 730 732 patrias
760 691 837 721 Haec
852 691 970 721 nullam
987 691 1043 721 ha-

151 736 225 765 bent
245 735 318 772 vim,
335 735 392 765 nisi
408 735 452 765 ira
467 735 629 765 excanduit
645 734 799 765 fortitudo.
838 734 905 764 Nec
920 744 989 764 vero
1004 734 1042 765 de

151 777 348 808 bellatoribus
363 778 462 808 solum
477 778 633 818 disputant
645 789 654 807 z
677 777 805 818 imperia
816 777 961 808 severiora
972 778 1042 807 nul-

150 820 182 851 la
196 831 258 851 esse
273 827 382 861 putant
397 821 460 851 sine
475 820 579 861 aliqua
594 820 754 851 acerbitate
769 820 951 851 iracundiaex
975 830 1042 851 ora-

149 869 246 894 torem
261 864 391 904 denique
411 873 471 894 non
487 863 578 894 modo
593 869 794 901 accusantem,
811 863 863 894 sed
878 873 916 893 ne
937 863 1042 893 defen-

149 906 271 937 dentem
288 907 411 948 quidem
425 908 556 948 probant
567 906 630 936 sine
641 907 753 937 aculeis
764 906 927 937 iracundiae
938 917 947 943 3
972 917 1043 947 quae

149 950 243 980 etiam
258 950 283 980 si
298 960 358 980 non
379 950 467 987 adsit,
484 956 586 980 tamen
606 949 704 980 verbis
724 955 816 990 atque
838 955 924 979 motu
947 950 1042 979 simu-

148 993 272 1023 landam
288 993 482 1032 arbitrantur,
499 999 534 1023 ut
548 992 692 1023 auditoris
707 992 784 1022 iram
799 992 924 1023 oratoris
938 992 1041 1023 incen-

149 1035 203 1067 dat
222 1036 308 1067 actio.
337 1036 450 1066 Virum
473 1036 605 1077 denique
628 1035 723 1065 videri
743 1041 866 1076 negant,
883 1035 937 1076 qui
954 1036 1042 1066 irasci

149 1079 279 1110 nesciat·
297 1090 436 1121 eamque,
450 1089 543 1120 quarn
553 1078 709 1109 lenitatem
718 1088 773 1110 nos
781 1078 923 1117 dicimus,
935 1079 1042 1109 vitioso

147 1122 337 1153 lentitudinis
352 1123 474 1153 nomine
489 1122 653 1163 appellant.

193 1165 260 1196 Nec
273 1176 343 1197 vero
358 1166 456 1196 solum
472 1165 551 1196 hanc
565 1165 723 1195 libidinem
739 1165 866 1195 laudant
882 1167 939 1199 (est
955 1164 1037 1195 enim

149 1209 205 1246 ira,
221 1215 257 1239 ut
277 1209 369 1239 modo
391 1208 525 1246 definivi,
547 1208 710 1239 ulciscendi
729 1208 850 1245 libido),
868 1208 919 1238 sed
937 1208 1040 1248 ipsum

149 1251 227 1282 illud
246 1261 340 1292 genus
355 1252 403 1282 vel
424 1252 559 1282 libidinis
580 1251 627 1282 vel
643 1251 816 1292 cupiditatis
831 1251 870 1281 ad
886 1261 1039 1281 summam

148 1295 311 1325 utilitatem
326 1305 388 1326 esse
408 1295 513 1325 dicunt
535 1305 554 1325 a
575 1295 686 1325 natura
709 1294 838 1324 datum:
864 1294 942 1324 nihil
958 1295 1039 1324 enim

147 1348 347 1379 quemquam,
371 1338 428 1368 nisi
443 1337 525 1379 quod
540 1337 642 1376 libeat,
660 1338 801 1378 praeclare
822 1337 920 1368 faeere
942 1347 1038 1378 posse.

148 1381 182 1411 N
184 1387 253 1411 octu
279 1381 454 1411 ambulabat
478 1381 510 1411 in
534 1380 657 1421 publico
687 1380 921 1419 Themistocles,
953 1380 1037 1421 quod

147 1433 290 1454 somnum
306 1433 409 1464 capere
423 1433 484 1454 non
496 1430 613 1465 posset:
638 1424 904 1465 quaerentibusque
919 1433 1042 1464 respon-

147 1466 250 1504 debat,
267 1466 417 1497 Miltiadis
437 1467 556 1507 tropaeis
575 1477 606 1497 se
628 1477 644 1497 e
667 1477 774 1497 somno
800 1466 946 1497 suscitari.
979 1466 1041 1496 Cui

147 1519 210 1540 non
226 1516 297 1540 sunt
310 1510 422 1540 auditae
433 1509 648 1540 Demosthenis
663 1510 774 1550 vigiliae
785 1511 799 1540 .⁹
824 1510 878 1551 qui
893 1510 994 1539 dolere
1010 1519 1042 1539 se

147 1553 258 1590 aiebat,
283 1553 307 1583 si
329 1553 451 1593 quando
476 1553 619 1594 opificum
643 1552 823 1583 antelucana
845 1553 942 1583 victus
965 1558 1041 1582 esset

147 1596 305 1626 industria.
330 1596 535 1637 Philosophiae
549 1596 681 1638 denique
689 1596 785 1637 ipsius
795 1596 946 1637 principes
957 1604 1038 1625 nun-

148 1650 242 1680 quam
258 1639 289 1668 in
305 1639 365 1669 suis
381 1639 486 1670 studiis
504 1645 603 1669 tantos
621 1650 795 1680 progressus
816 1639 880 1669 sine
899 1638 1040 1678 flagranti

147 1682 312 1723 cupiditate
325 1681 422 1712 facere
436 1683 611 1723 potuissent.
639 1683 773 1713 Ultimas
789 1688 881 1712 terras
896 1681 1041 1711 lustrasse

148 1725 367 1766 Pythagoram,
398 1724 622 1763 Democritum,
654 1725 826 1762 Platonem,
857 1724 1038 1765 accepimus.

147 1768 212 1800 Ubi
227 1768 307 1800 enim
318 1768 392 1809 quid
404 1775 490 1807 esset,
506 1768 588 1810 quod
603 1768 675 1799 disci
688 1775 797 1809 posset,
811 1779 846 1799 eo
856 1767 1039 1799 veniendum

716 1820 739 1841 x
757 1812 776 1841 3
