1180 1935
155 23 217 56 DE
239 24 348 57 NAT.
364 24 501 57 DEOR.
524 24 604 57 11113.
621 24 686 56 111.
703 24 787 56 CAP.
806 25 855 56 14.
881 24 942 55 411

64 118 126 140 non
144 111 275 151 accipere
294 112 450 142 contraria.
482 112 515 143 Si
533 112 626 152 igitur
644 111 806 153 voluptatis
824 119 946 142 sensum

64 152 155 193 capit,
171 154 279 185 doloris
294 155 384 185 etiam
399 155 488 195 capit.
523 155 615 192 Quod
630 161 731 184 autem
747 154 880 184 dolorem
896 163 947 183 ac-

63 195 148 235 cipit,
164 196 195 226 id
209 197 333 237 accipiat
347 197 437 227 etiam
453 198 619 235 interitum,
636 207 752 227 necesse
767 203 820 227 est.
843 196 948 227 Omne

63 237 156 278 igitur
171 239 292 277 animal,
309 240 513 270 confitendum
529 246 584 277 est,
601 250 662 270 esse
677 240 812 270 mortale.

106 281 265 320 Praeterea‚
281 283 305 313 si
321 283 395 324 quid
407 289 461 319 est,
478 283 560 323 quod
575 293 628 313 nec
641 283 825 323 voluptatem
839 281 949 313 sentiat

64 333 119 354 nec
139 324 283 363 dolorem,
299 326 330 355 id
346 326 459 356 animal
474 336 535 356 esse
550 336 611 356 non
631 332 736 366 potest.
775 326 829 356 Sin
844 331 947 355 autem

63 366 147 407 quod
161 368 271 398 animal
287 375 341 407 est,
358 369 389 399 id
404 369 457 399 ina
471 379 587 399 necesse
602 375 646 399 est
660 368 769 398 sentiat
783 377 791 395 τ
815 374 844 398 et
864 367 947 409 quod

64 420 100 439 ea
123 410 240 447 sentiat,
261 421 321 442 non
344 417 441 452 potest
463 422 525 442 esse
540 417 708 442 aeternum:
733 417 762 441 et
777 420 867 440 omne
882 410 947 440 ani-

65 453 130 482 mal
159 454 266 484 sentit:
298 455 420 485 nullum
449 454 542 495 igitur
571 454 684 484 animal
714 459 758 484 est
787 459 946 483 aeternum.

64 494 214 526 Praeterea
229 497 346 527 nillum
361 504 458 538 potest
478 508 539 528 esse
559 497 684 535 animal,
700 496 732 526 in
755 506 816 537 quo
836 505 896 526 non
918 501 948 526 et

63 538 208 578 appetitio
224 539 261 569 sit
273 546 302 571 et
317 540 476 571 declinatio
490 540 646 571 naturalis.
678 542 878 580 Appetuntur
893 549 948 568 au-

63 586 137 617 tem,
153 592 222 622 quae
237 583 399 614 secundum
420 589 560 614 naturam
576 589 657 621 sunt,
673 582 862 612 declinantur
877 591 949 611 con-

63 624 172 654 traria:
197 631 226 655 et
241 635 328 657 omne
343 627 457 657 animal
472 626 586 667 appetit
601 625 754 666 quaedam,
778 631 807 655 et
830 624 910 665 fugit
929 634 949 654 a

63 667 256 707 quibusdam.
279 669 372 707 Quod
386 676 488 700 autem
503 669 625 710 refugit,
642 668 674 698 id
689 674 792 698 contra
806 674 947 698 naturam

64 715 109 739 est
121 720 130 739 :
154 716 183 740 et
195 711 274 753 quod
286 719 330 743 est
345 719 447 743 contra
462 718 614 750 naturam,
627 712 658 742 id
669 711 760 741 habet
770 711 832 741 vim
844 710 948 740 interi-

63 753 186 784 mendi:
211 765 299 786 omne
314 766 384 796 ergo
399 755 512 786 animal
524 756 659 791 intereat,
676 764 793 784 necesse
808 759 861 784 est.
894 753 949 783 In-

63 797 264 828 numerabilia
286 804 366 837 sunt,
394 809 432 829 ex
456 799 567 839 quibus
591 797 667 828 effici
690 797 816 838 cogique
841 796 947 837 possit,

62 838 141 868 nihil
166 850 238 879 esse,
263 841 345 882 quod
370 852 491 872 sensum
516 841 636 879 habeat,
660 840 735 881 quin
757 840 789 870 id
810 840 947 870 intereat.

62 880 188 913 Etenim
203 894 238 913 ea
251 884 326 925 ipsa,
343 896 412 925 quae
433 884 615 922 sentiuntur,
632 889 667 913 ut
689 883 785 923 frigus
805 889 835 913 et
855 883 947 920 calor,

62 929 98 954 ut
114 925 250 967 voluptas
265 934 294 959 et
308 927 403 966 dolor,
415 934 451 958 ut
461 933 577 964 caetera,
588 937 659 958 cum
669 925 853 967 amplificata
864 931 947 963 sunt,

62 966 260 1000 interimunt:
284 980 339 1001 nec
359 971 458 1001 ullum
476 971 589 1001 animal
606 976 651 1001 est
667 969 732 1000 sine
747 979 855 1000 sensu:
879 968 949 998 nul-

63 1009 129 1040 lum
144 1011 236 1052 igitur
250 1014 363 1044 animal
379 1020 423 1044 est
434 1024 590 1044 aeternum.

103 1053 199 1086 XIV.
230 1056 356 1087 Etenim
377 1064 430 1087 aut
448 1057 577 1098 simplex
592 1062 636 1087 est
650 1061 760 1087 natura
773 1054 948 1092 animantis,

64 1101 100 1126 ut
114 1098 161 1128 vel
175 1104 291 1130 terrena
305 1101 354 1138 sit,
371 1101 419 1130 vel
433 1100 532 1141 ignea,
548 1100 596 1130 vel
610 1099 761 1138 animalis,
777 1099 825 1129 vel
845 1097 950 1128 humi-

62 1138 103 1169 da
124 1141 219 1182 (quod
233 1143 322 1183 quale
337 1143 385 1181 sit,
404 1153 443 1174 ne
464 1143 593 1183 intelligi
614 1142 738 1184 quidem
762 1147 885 1182 potest),
896 1145 951 1170 aut

62 1191 198 1215 concreta
220 1195 258 1215 ex
272 1186 410 1226 pluribus
424 1186 551 1224 naturis,
567 1196 698 1226 quarum
713 1195 805 1215 suum
820 1193 950 1225 quaeque

62 1224 165 1256 locum
178 1227 298 1266 habeat,
315 1239 376 1270 quo
390 1236 506 1260 naturae
521 1229 551 1259 vi
565 1229 699 1265 fetatum
723 1228 782 1258 alia
793 1227 949 1265 infimum,

64 1267 125 1298 alia
138 1280 306 1311 summum,
322 1273 381 1302 alia
394 1272 541 1303 medium.
566 1272 643 1302 Haec
655 1271 693 1301 ad
705 1270 860 1311 quoddam
872 1276 950 1299 tem-

64 1320 123 1351 pus
145 1313 289 1344 cohaerere
311 1322 457 1355 possunt:
489 1325 606 1355 semper
628 1320 730 1344 autem
752 1313 839 1343 nullo
859 1312 953 1342 modo

64 1361 199 1393 possunt.
237 1356 368 1388 Necesse
383 1364 426 1388 est
441 1358 533 1395 enim,
550 1367 641 1387 suum
657 1366 787 1397 quaeque
802 1356 833 1385 in
848 1356 950 1385 locum

63 1404 174 1429 natura
187 1399 330 1440 rapiatur.
354 1400 487 1431 Nullum
502 1400 595 1441 igitur
609 1399 723 1430 animal
738 1405 782 1430 est
796 1399 953 1439 sempiter-

66 1449 152 1471 num.

107 1484 167 1515 Sed
188 1486 291 1516 omnia
313 1486 413 1524 vestri,
434 1486 543 1525 Balbe,
564 1486 661 1517 solent
683 1485 721 1516 ad
741 1485 862 1525 igneam
888 1483 952 1514 vim

63 1527 184 1566 referre,
200 1528 404 1566 Heraclitum,
417 1535 452 1559 ut
466 1529 582 1570 opinor,
596 1534 752 1569 sequentes
766 1538 776 1563 ;
800 1537 892 1568 quem
904 1527 951 1567 ip-

65 1580 135 1601 sum
150 1580 211 1601 non
226 1581 331 1602 omnes
346 1571 579 1612 interpretantur
596 1582 658 1602 uno
673 1570 773 1601 modo.
798 1570 863 1607 Qui
878 1580 954 1610 quo-

63 1613 160 1652 niam,
176 1614 251 1655 quid
262 1614 384 1653 diceret,
399 1614 529 1655 intelligi
544 1614 653 1652 noluit,
669 1613 855 1644 omittamus.
889 1612 954 1643 Vos

63 1662 167 1687 autem
178 1657 221 1688 ita
235 1657 344 1697 dicitis,
360 1667 483 1688 omnem
498 1657 560 1687 vim
577 1667 639 1688 esse
652 1657 756 1697 ignem
769 1667 778 1685 ε
802 1655 905 1696 itaque
923 1660 954 1685 et

62 1700 241 1739 animantes,
256 1710 328 1732 cum
349 1701 431 1732 calor
451 1700 603 1740 defecerit,
625 1706 693 1731 tum
708 1698 851 1735 interire;
875 1704 905 1729 et
920 1697 952 1728 in
