1226 1935
265 87 390 121 TUSC.
407 89 579 129 QUAEST.
597 88 676 120 Lm.
691 88 732 119 V.
744 88 827 119 CM».
845 86 896 119 20.
964 89 1023 124 271

134 174 312 217 militiaeque
334 176 464 217 cognita,
487 175 536 206 M.
552 175 694 212 Antonii,
716 175 855 205 omnium
879 174 1023 216 eloquen-

134 218 254 256 tissimi,
271 229 346 260 quos
361 230 416 260 ego
431 219 589 268 audierim,
607 219 642 248 (3.
660 218 798 255 Caesaris,
817 218 848 247 in
869 228 931 258 quo
946 218 1022 248 mihi

133 261 252 291 videtur
266 261 357 292 fuisse
373 262 522 310 specimen
538 261 746 297 humanitatis,
760 261 840 298 salis,
853 260 1020 299 suavitatis,

132 303 252 344 leporis.
276 305 429 335 Beatusne
444 305 547 345 igitur,
561 304 646 346 [qui]
660 304 714 334 hos
729 303 900 334 interfecit?
924 303 1020 342 Mihi,

133 353 248 384 contra,
268 357 328 378 non
349 349 448 378 solum
470 359 504 379 eo
524 348 642 378 videtur
664 347 765 383 miser,
782 347 864 387 quod
883 357 917 376 ea
937 346 1018 385 fecit,

133 389 185 419 sed
198 390 287 420 etiam
303 391 385 431 quod
400 391 442 421 ita
457 401 487 421 se
502 391 602 432 gessit,
625 396 659 420 ut
680 401 714 420 ea
733 389 830 420 facere
850 389 876 419 ei
896 390 1017 419 liceret:

133 432 188 462 etsi
202 443 323 474 peccare
342 434 456 464 nemini
473 434 563 464 licet:
589 433 640 463 sed
661 433 807 463 sermonis
827 443 923 463 errore
941 432 1018 462 labi-1

133 484 222 506 mur:
246 476 277 506 id
292 476 373 507 enim
384 477 472 507 licere
487 477 626 513 dicimus,
643 475 725 517 quod
741 476 789 506 cui
804 475 986 506 conceditur.

176 519 290 549 Utrum
320 520 443 550 tandem
472 520 587 550 beatior
615 520 651 550 (3.
680 518 811 555 Marius,
838 524 916 555 tum,
948 529 1019 548 curn

132 561 293 592 Cimbricae
308 562 438 593 victoriae
453 563 580 603 gloriam
596 573 666 593 curn
682 562 797 602 collega
812 562 923 592 Catulo
938 571 1020 591 com-

131 604 308 643 municavit,
325 615 410 646 paene
426 606 518 636 altero
542 606 649 642 Laelio,
667 608 751 640 (narn
772 605 853 635 hunc
876 605 921 634 illi
941 604 1019 635 duco

131 647 338 685 simillimum)
354 659 393 678 an
409 659 490 686 cum,
504 649 583 679 civili
594 649 674 679 bello
686 649 789 684 victor,
802 648 907 682 iratus.
918 657 1020 678 neces-

131 691 216 721 sariis
231 691 333 721 Catuli
349 691 589 732 deprecantibus,
611 701 671 721 non
687 692 779 721 semel
792 691 955 732 respondit,
969 691 1021 720 sed

132 743 221 774 saepc,
245 736 267 752 ⁶⁶
284 734 437 764 Moriatur
451 736 487 766 ?''
511 735 542 765 in
566 745 626 776 quo
646 735 759 765 beatior
782 734 845 771 ille,
870 734 924 774 qui
949 733 1021 763 huic

131 777 254 807 nefariae
272 777 336 807 voci
357 777 468 818 paruit,
486 789 579 819 quam
600 778 635 816 is,
653 778 706 818 qui
727 783 789 807 tam
806 777 944 807 scelerate
959 777 1018 806 im-

131 820 257 860 peravit.
298 820 394 858 Nam,
419 831 489 851 cum
510 821 641 862 accipere
665 831 757 861 quam
778 820 873 850 facere
897 825 1019 860 praestat

131 863 287 902 injuriam,
315 869 382 893 tum
406 864 496 894 morti
517 865 582 903 jam
606 863 664 904 ipsi
687 863 862 893 adventanti
888 863 1015 903 paulum

129 905 289 946 procedere
303 907 423 936 obviam
441 907 536 948 (quod
551 907 620 937 fecit
636 906 789 943 Catulus),
807 915 900 946 quam
922 906 1017 946 (quod

129 949 264 987 issarius)
281 949 347 979 talis
362 950 418 980 viri
433 950 556 980 issttcritu
579 960 631 980 sex
647 959 715 980 suos
733 951 858 979 obruere
881 949 1019 979 consula-

129 997 189 1030 tus,
207 997 235 1022 et
251 993 454 1023 contaminare
471 999 640 1023 extremum
656 999 776 1033 tempus
792 992 896 1022 aetatis.

169 1035 246 1066 XX.
281 1035 593 1077 Duodequadraginta
613 1046 707 1066 annos
727 1042 873 1076 tyrannus
889 1036 1018 1076 Syracu-

128 1088 270 1109 sanorum
291 1079 350 1109 fuit
368 1079 546 1120 Dionysius,
562 1090 632 1109 cum
653 1079 694 1109 V.
717 1085 746 1109 et
767 1078 842 1108 XX.
860 1084 949 1108 natus
964 1088 1019 1108 an-

126 1131 181 1152 nos
196 1121 387 1152 dominatum
402 1122 612 1163 occupavisset.
637 1122 711 1159 Qua
725 1121 951 1162 pulchritudine
966 1131 1017 1151 ur-

126 1165 208 1202 bem,
228 1165 338 1206 quibus
359 1172 461 1196 autem
481 1166 589 1206 opibus
609 1165 779 1206 praeditam,
797 1164 938 1194 servitute
961 1174 1015 1204 op-

126 1218 260 1248 pressam
282 1209 378 1238 tenuit
398 1209 576 1239 civitatem?
608 1208 709 1249 Atqui
729 1208 767 1238 de
786 1208 843 1238 hoc
858 1207 982 1237 homine
997 1218 1016 1237 a

127 1251 214 1281 bonis
237 1251 407 1282 auctoribus
430 1252 471 1282 sic
493 1252 639 1292 scriptum
663 1251 844 1292 accepimus,
861 1260 1014 1280 summam

126 1293 219 1324 fuisse
237 1295 301 1333 ejus
321 1294 352 1324 in
375 1295 455 1325 victu
473 1295 717 1335 temperantiam,
739 1294 770 1324 in
791 1295 941 1334 rebusque
963 1304 1015 1334 ge-

126 1337 226 1367 rendis
248 1337 347 1367 virum
369 1348 468 1368 acrem
490 1344 519 1368 et
539 1338 735 1375 industrium,
753 1337 895 1367 eumdem
911 1342 1013 1366 tamen

127 1380 302 1411 maleficum
326 1381 435 1411 natur&
461 1386 490 1411 et
514 1381 672 1420 injustum.
702 1381 753 1410 Ex
777 1391 838 1421 quo
861 1380 1015 1416 omnibus,

123 1422 202 1454 bene
217 1423 373 1454 veritatem
387 1424 586 1461 intuentibus,
608 1423 702 1454 videri
717 1433 834 1453 neccsse
849 1428 893 1453 est
908 1423 1014 1452 miser-

124 1467 248 1496 rimum.
286 1467 335 1497 Ea
360 1467 441 1497 enim
467 1468 543 1508 ipsa,
563 1478 632 1508 quae
658 1467 860 1507 concupierat,
884 1476 922 1495 ne
944 1472 1012 1495 tuin

126 1509 263 1551 quidem,
280 1520 351 1540 cum
366 1510 469 1541 onmia
484 1521 514 1541 se
536 1520 622 1551 posse
642 1511 791 1548 censebat,
811 1509 1014 1549 consequeba-

124 1558 183 1582 tur.
221 1552 286 1591 Qui
306 1563 376 1584 cum
397 1559 473 1584 esset
486 1554 573 1584 bonis
588 1553 763 1594 parentibus
778 1558 869 1592 atque
884 1552 1010 1581 honesto

124 1594 190 1626 1000
204 1602 304 1635 natus,
322 1596 390 1631 (etsi
404 1596 435 1626 id
450 1597 575 1637 quidem
591 1597 667 1626 alius
683 1596 742 1626 aiio
762 1595 853 1626 modo
874 1594 1010 1630 tradidit)

126 1638 354 1680 abundaretque
374 1639 538 1680 aequalium
561 1639 829 1672 familiaritatibus,
846 1644 875 1667 et
890 1647 1015 1667 consue-

124 1681 230 1712 tudine
244 1682 496 1723 propinquorum,
512 1682 636 1713 haberet
650 1682 752 1717 etiam,
769 1691 852 1712 more
874 1679 1010 1717 Graeciae,

124 1724 273 1764 quosdam
285 1725 485 1756 adolescentes
497 1736 599 1756 amore
611 1726 807 1764 conjunctos·
798 1747 808 1760 ,
832 1723 972 1754 credebat
981 1733 1014 1753 se

123 1777 228 1799 eorum
243 1768 358 1800 nemini
372 1780 381 1806 ς
405 1769 456 1800 sed
471 1769 528 1807 his,
546 1779 621 1810 quos
637 1779 673 1799 ex
689 1768 812 1799 familiis
826 1766 1014 1807 locuplettun
