1226 1935
265 60 326 92 DE
351 60 458 91 NAT.
483 59 620 90 DEOR.
644 59 767 90 L113.I.
785 60 868 91 CAP.
888 61 936 92 19.
980 61 1044 91 311

156 148 239 179 idem
254 147 321 188 ipsa
334 145 474 177 declarat.
500 145 596 181 Nam,
612 155 682 176 cum
698 146 977 186 praestantissimam
992 156 1047 177 na-

155 197 268 227 turam,
285 190 331 220 vel
347 189 420 230 quia
434 190 521 219 beata
536 195 591 226 est,
607 188 655 218 vel
677 188 750 229 quia
764 189 957 229 sempiterna,
974 200 1046 220 con-

155 234 256 265 venire
281 233 418 263 videatur
442 231 580 262 eamdem
605 241 668 261 esse
693 231 950 271 pulcherrimamg
974 243 1044 273 quae

153 276 330 317 compositio
344 276 564 312 membrorum,
580 285 649 315 quae
664 274 861 304 conformatio
876 275 1043 305 lincamen-

152 326 264 356 torum,
278 329 348 359 quae
362 318 470 358 figura,
488 328 556 357 qua‘
572 316 693 357 species,
715 317 852 347 humana
867 324 964 358 potest
980 328 1042 348 esse

152 362 307 403 pulchrior
318 363 332 392 Ρ
357 361 421 391 Vos
436 360 572 400 quidem,
589 360 702 396 Lucili,
719 360 830 397 soletis,
848 363 933 394 (nam
953 362 1044 391 Cotta

153 415 239 436 meus
254 404 345 435 modo
359 404 427 440 hoc,
444 402 535 433 modo
550 403 641 440 illud)
658 413 728 433 cum
748 403 910 434 artificium
926 403 1044 443 effingi-

148 448 198 485 tis,
214 447 420 487 fabricamque
435 446 581 484 divinam,
592 456 686 486 quam
702 446 762 476 sint
776 446 880 476 omnia
894 446 925 476 in
942 447 1042 477 homi-

150 491 197 522 nis
213 490 311 531 figura
331 499 392 520 non
413 489 504 519 modo
525 488 564 519 ad
579 499 681 526 usum,
699 499 804 519 verum
825 489 916 519 etiam
938 489 977 519 ad
993 500 1043 520 ve-

150 539 302 564 nustatem
314 538 396 573 apta,
409 532 583 562 describere.
608 531 701 569 Quod
713 532 738 562 si
749 532 888 562 omnium
901 532 1040 563 animan-

150 577 229 607 tium
253 576 384 607 formam
409 575 501 605 vincit
529 574 662 605 hominis
686 575 795 615 figura,
822 575 909 605 Deus
934 582 1038 606 autem

149 620 288 650 animans
311 624 375 655 est;
399 618 435 648 ea
454 618 554 658 figura
575 618 708 658 profecto
729 624 784 655 est,
806 629 876 659 quae
897 619 1039 659 pulcher-

148 663 226 693 rima
251 662 289 692 sit
312 661 451 692 omnium
464 672 472 691 :
506 661 713 702 quoniamque
739 661 822 691 Deos
851 662 1038 693 beatissimos

146 716 209 736 esse
234 710 360 742 constat,
384 706 490 735 beatus
510 710 614 734 autem
640 714 702 734 esse
728 704 792 734 sine
813 705 923 735 virtute
946 715 1036 735 nemo

146 754 255 790 potest,
283 758 338 778 nec
364 748 459 778 virtus
485 747 549 777 sine
574 747 690 777 ratione
713 753 859 785 constare,
884 758 940 778 nec
964 748 1041 778 ratio

147 801 278 833 usquam
293 791 399 827 inesse,
416 790 474 820 nisi
488 790 520 820 in
535 790 667 820 hominis
683 790 782 831 figura
795 801 805 827 ς
828 791 961 822 hominis
977 802 1040 822 esse

145 835 242 876 specie
257 834 350 871 Deos,
366 833 574 864 confitendum
590 839 642 863 est.

188 878 220 908 N
223 888 256 908 ec
268 883 368 907 tamen
381 887 416 907 ea
430 877 542 917 species
554 887 662 917 corpus
677 882 731 915 est,
745 876 797 907 sed
813 877 900 917 quasi
909 887 1034 918 corpus:

144 931 200 952 nec
224 921 316 951 habet
339 920 530 960 sanguinem,
552 919 604 950 sed
628 919 715 960 quasi
735 920 924 960 sanguinem.
961 921 1037 951 Haec

144 973 333 1006 quamquam
348 969 378 994 et
392 963 514 993 inventa
529 969 600 993 sunt
611 963 739 1000 acutius,
757 969 786 993 et
801 963 880 993 dicta
896 964 1037 994 subtilius

144 1009 183 1038 ab
208 1007 353 1047 Epicuro,
379 1016 473 1047 quam
499 1011 534 1035 ut
556 1006 655 1046 quivis
680 1016 715 1035 ea
736 1006 830 1046 possit
853 1016 1035 1046 agnoscere3

143 1057 258 1087 tamen,
285 1049 380 1080 fretus
401 1048 603 1089 intelligenti-it
628 1049 738 1087 vestra,
765 1049 877 1079 dissero
904 1050 1035 1087 brevius,

143 1103 237 1135 quam
252 1103 342 1123 causa
356 1092 512 1122 desiderat.
544 1092 697 1132 Epicurus
718 1097 833 1129 autem,
851 1092 905 1133 qui
925 1103 971 1122 res
986 1103 1036 1123 oc-

140 1137 237 1167 cultas
256 1142 287 1166 et
309 1135 429 1176 penitus
450 1135 567 1165 abditas
587 1145 649 1165 non
671 1135 763 1165 modo
782 1135 897 1165 viderat
920 1135 1034 1173 animo,

139 1179 192 1210 scd
207 1179 298 1209 etiam
311 1179 352 1208 sic
367 1183 486 1215 tractat,
502 1184 538 1208 ut
548 1188 655 1215 manu,
669 1178 755 1208 decet
768 1188 835 1208 eam
851 1188 914 1208 esse
926 1178 989 1208 vim
1006 1185 1035 1210 et

139 1228 281 1252 naturam
292 1221 442 1257 Deorum,
460 1227 494 1251 ut
509 1221 644 1262 primum
660 1231 721 1251 non
736 1231 837 1258 sensu,
851 1221 903 1251 sed
918 1229 1032 1261 mente,

139 1271 297 1296 cernatur:
323 1274 378 1294 nec
392 1264 542 1294 soliditate
560 1264 706 1305 quadam,
723 1274 778 1294 nee
796 1264 835 1295 ad
855 1274 1032 1303 numerum,

139 1314 174 1339 ut
185 1319 230 1346 ea,
242 1318 311 1349 quae
322 1307 374 1337 ille
388 1313 510 1348 propter
524 1307 700 1337 firmitatem
717 1313 868 1348 Στερεμνια
885 1308 1031 1348 appellat,

138 1351 192 1382 sed
206 1350 403 1391 imaginibus,
419 1350 617 1380 similitudine
629 1356 658 1380 et
673 1350 849 1380 transitione
863 1351 1011 1391 perceptis
1023 1363 1030 1381 ε

139 1404 210 1425 cum
230 1393 348 1424 infinita
363 1393 589 1423 simillimarum
609 1393 783 1433 imaginum
804 1393 915 1433 species
931 1404 968 1423 ex
984 1394 1032 1423 in-

139 1436 378 1467 numerabilibus
392 1436 557 1466 individuis
572 1437 706 1473 exsistat,
718 1442 748 1466 et
762 1437 801 1467 ad
816 1436 898 1466 Deos
914 1437 1031 1473 affluat,

137 1490 208 1512 cum
228 1479 371 1510 maximis
392 1479 599 1519 voluptatibus
614 1479 645 1509 in
667 1490 716 1510 eas
730 1479 878 1520 imagines
895 1486 1029 1509 mentem

137 1523 285 1554 intentam
303 1522 493 1563 infixamque
511 1529 645 1553 nostram
663 1522 896 1563 intelligentiam
912 1533 1029 1563 capere,

138 1577 208 1607 quae
222 1565 260 1596 sit
272 1571 301 1596 et
311 1566 400 1595 beata
410 1571 530 1601 natura,
548 1572 576 1596 et
592 1572 712 1596 zeterna.

181 1609 276 1639 XIX.
301 1608 430 1639 Summa
445 1619 514 1639 vero
530 1609 574 1639 vis
589 1609 746 1639 infinitatis
761 1615 791 1639 et
805 1607 919 1648 magna
934 1618 968 1637 ac
983 1608 1029 1638 di-

135 1652 241 1692 ligenti
253 1651 505 1692 contemplatione
514 1652 691 1692 dignissima
702 1658 764 1687 est;
782 1652 811 1681 in
825 1651 887 1691 qua
899 1651 1029 1691 intelligi

137 1705 254 1727 necesse
275 1701 329 1734 est,
352 1704 420 1725 eam
444 1705 506 1726 esse
530 1701 683 1733 naturam,
701 1703 735 1726 ut
758 1695 862 1725 onmia
886 1694 1029 1725 omnibus
