1226 1935
220 94 344 127 TUSC.
361 92 533 134 QUAEST'.
551 96 630 127 Lm.
648 96 694 128 ΙΙ.
711 97 795 128 CAP.
816 98 864 134 17.
929 99 988 129 16ss

100 179 188 210 illurn
206 187 235 211 et
254 181 496 219 inexercitatum,
520 183 659 224 quamvis
680 183 739 214 levi
761 184 834 220 ictu,
857 184 993 225 ploratus

101 224 290 264 turpissimos
306 225 410 255 edere:
435 232 466 255 at
483 237 551 256 vero
572 226 623 256 ille
644 227 823 257 exercitatus
844 233 873 257 et
895 233 992 263 vetus,

97 267 136 296 ob
153 277 280 307 eamque
296 278 360 298 rem
375 268 490 306 fortior,
515 269 667 299 medicum
684 270 774 299 modo
793 270 958 310 requirens,
975 280 993 299 a

101 319 163 349 quo
178 310 339 350 obligetur,

141 368 163 386 “
176 368 206 398 Ο
223 369 371 406 Patrocle,
389 370 514 411 (inquit)
530 370 568 401 ad
581 382 632 402 vos
650 371 822 411 adveniens,
839 371 991 402 auxifium

227 418 256 441 et
272 419 382 443 vestras
398 423 507 444 manus
522 420 602 454 peto,

145 454 328 495 Priusquam
355 463 497 496 oppetam
524 456 638 487 malam
664 463 791 498 pestem,
816 458 995 488 mandatam

228 497 329 528 hostili
344 509 438 529 manu
453 511 460 529 :

143 540 254 581 Neque
269 542 390 582 sanguis
406 540 469 572 uHo
484 542 563 583 potis
584 549 627 573 est
645 549 732 584 pacto
752 544 905 584 profluens
920 553 993 573 con-

227 584 347 614 sistere:

144 625 176 655 Si
189 627 249 666 qua
262 627 407 667 sapienti&
420 628 517 668 magis
533 629 630 659 vestr&
646 629 770 659 devitari
785 640 867 659 mors
882 635 989 670 potest.

144 668 289 710 Namque
305 670 454 712 AEsclapii
468 671 632 702 liberorum
652 673 744 702 saucii
760 673 884 714 opplent
898 672 994 713 porti-

229 723 299 746 cus:

145 755 217 785 Non
233 762 330 796 potest
345 757 479 787 accedi.‘'

142 826 255 857 XVII.
281 828 369 858 Certe
389 829 568 869 Eurypylus
588 829 637 860 hic
658 830 782 870 quidem
805 835 867 860 est:
892 829 992 859 homi-

101 878 171 899 nem
187 871 383 901 exercitatum
398 872 405 901 !
427 871 495 910 [ubi
511 878 629 902 tantum
643 873 742 903 luctus
754 873 948 903 continuatur
959 873 992 912 ἶν’]

100 912 191 948 Vide,
205 924 298 953 quam
309 923 368 944 non
382 914 520 945 flebiliter
532 915 725 956 respondeat;
741 916 888 946 rationem
901 915 992 946 etiam

100 955 215 993 afferat,
232 966 285 986 cur
300 968 387 998 aequo
402 958 504 988 animo
519 959 576 988 sibi
588 958 746 988 ferendum
762 959 819 988 sit:

147 1038 425 1047 ....................
444 1018 466 1034 “
479 1016 544 1054 Qui
560 1017 646 1046 alteri
662 1017 790 1047 exitium
806 1022 903 1057 parat,

144 1057 227 1088 Eum
243 1059 316 1088 scire
328 1065 445 1099 oportet
463 1060 519 1089 sibi
540 1068 677 1100 paratam
700 1066 828 1100 pestem,
851 1066 886 1090 ut
899 1059 993 1100 parti-

231 1101 310 1142 cipet
324 1103 462 1142 parem.''

101 1170 245 1201 Abducet
267 1171 429 1210 Patrocles,
453 1172 567 1212 (credo)
590 1179 625 1203 ut
645 1173 768 1204 collocet
783 1173 814 1203 in
830 1173 934 1211 cubili,
958 1177 994 1202 ut

102 1215 214 1244 vulnus
231 1215 353 1255 obliget,
378 1216 402 1245 si
423 1217 547 1256 quidem
569 1217 661 1246 homo
679 1223 763 1247 esset.
805 1216 897 1257 [Sed]
915 1216 993 1246 nihil

104 1255 198 1298 [vidi]
216 1257 337 1294 minus3
362 1259 469 1299 quaerit
485 1260 579 1298 enim,
595 1259 670 1300 quid
685 1265 788 1290 actum
804 1260 851 1290 sit.

146 1318 168 1334 “
181 1316 345 1357 Eloquere,
361 1327 407 1347 res
422 1317 576 1358 Argivom
591 1318 696 1359 proelio
712 1324 746 1349 ut
761 1329 792 1349 se
807 1318 967 1348 sustinet.''

102 1386 175 1416 Non
191 1393 288 1427 potest
304 1387 388 1418 effari
402 1394 521 1419 tantum
539 1388 636 1427 dictis,
654 1395 805 1430 quantum
820 1389 907 1420 factis
922 1399 994 1430 sup-

102 1430 179 1470 petit
193 1430 313 1461 laboris.

147 1491 170 1506 ‘⁶
184 1488 312 1527 Quiesce
327 1489 431 1530 igitur,
450 1496 478 1521 et
494 1491 604 1522 vulnus
619 1492 744 1533 alliga.''

103 1558 210 1589 Etiam
225 1559 250 1589 si
264 1559 443 1600 Eurypylus
459 1568 569 1601 posset,
586 1572 646 1592 non
661 1568 761 1603 posset
777 1563 921 1603 AEsopuS.

151 1641 358 1650 ...............
377 1621 399 1636 “
413 1620 466 1650 ubi
481 1621 603 1651 fortuna
620 1622 759 1652 Hectoris

146 1661 292 1691 Nostram
308 1672 407 1692 aerem
422 1663 516 1693 aciem
532 1664 708 1695 inclinatam
718 1665 736 1677 ''
742 1688 820 1696 ......

102 1737 131 1761 et
151 1737 257 1762 caetera
273 1733 403 1773 explicat
422 1733 454 1764 in
469 1734 580 1766 dolore.
617 1736 665 1766 Sic
686 1742 730 1766 est
751 1736 832 1766 enim
847 1736 997 1776 intempe-

101 1785 170 1805 rans
182 1775 320 1806 militaris
333 1776 364 1806 in
377 1776 447 1806 forti
462 1778 526 1809 viro
537 1779 642 1819 gloria.
667 1779 751 1819 Ergo
763 1780 827 1810 haee
840 1785 997 1810 veteranus

151 1819 301 1854 (Philus.)
320 1828 402 1852 vot..
423 1829 480 1852 111.
718 1830 741 1855 Q
