1226 1935
251 72 312 103 DE
337 72 444 103 NAT.
469 71 607 104 DEOR.
632 72 710 103 Lm.
726 73 753 103 1.
778 73 862 104 CAP.
880 74 927 104 11.
973 74 1037 104 303

150 164 298 195 constans,
315 164 345 189 et
360 158 422 189 vita
435 159 534 195 beata,
550 159 643 199 possit
657 159 801 190 insistere.
834 159 989 201 Quodque
1004 160 1035 190 in

150 208 250 231 nostro
265 212 398 242 corpore,
415 201 439 231 si
457 201 586 232 minima
606 212 643 232 cx
659 208 743 242 parte
758 202 953 243 significetur,
969 213 1036 233 mo-

149 244 260 274 lestum
275 244 333 281 sit;
353 254 406 274 cur
421 244 478 274 hoc
492 244 574 274 idem
590 254 650 274 non
666 244 813 275 habeatur
827 246 989 275 molestum
1002 246 1034 274 in

149 286 235 316 Deo?
259 287 355 317 Terra
370 287 451 317 enim
464 287 608 328 profecto,
621 287 765 328 quoniam
778 298 846 328 pars
858 288 966 318 mundi
978 294 1033 325 est,

147 340 216 370 pars
237 336 280 360 est
300 330 391 360 etiam
413 330 482 360 Dei.
513 330 614 370 Atqui
630 337 717 360 terrae
729 331 880 360 maximas
899 331 1034 371 regiones

147 372 358 403 inhabitabiles
374 379 464 413 atque
480 373 608 402 incultas
629 373 776 411 videmus,
793 373 875 414 quod
895 384 964 414 pars
984 384 1034 404 ea-

146 425 215 445 rum
241 416 371 456 appulsu
397 416 467 446 solis
492 415 645 453 exarserit,
676 426 745 457 pars
774 416 940 457 obriguerit
965 417 1033 447 nive

146 458 327 499 pruinaque,
348 459 515 499 longinquo
536 459 605 488 solis
622 460 780 489 abscessu:
804 470 885 500 quae,
902 459 927 490 si
942 469 1034 489 mun-

145 501 202 531 dus
217 507 262 531 est
278 501 374 540 Deus,
391 502 535 542 quoniam
547 508 645 542 partes
655 502 764 532 mundi
773 508 855 539 sunt,
867 502 927 532 Dei
935 512 1034 533 mem-

144 544 200 574 bra
210 544 321 584 partim
334 545 479 581 ardentia,
492 545 602 585 partim
616 545 800 585 refrigerata,
813 545 940 575 dicenda
951 551 1032 575 sunt.

187 587 294 628 Atque
317 587 382 617 haec
406 587 530 628 quidem
551 595 658 626 vestra,
681 588 791 618 Lucili.
826 588 940 626 Qualia
962 598 1033 618 vero

145 629 216 667 sint,
240 631 278 660 ab
298 630 407 660 ultimo
428 637 562 671 repetam
582 631 780 671 superiorum.
815 631 930 662 Thales
951 631 1032 661 enim

146 672 299 710 Milesius,
326 674 379 714 qui
409 674 526 714 primus
555 674 592 704 de
621 674 732 705 talibus
762 675 851 705 rebus
881 674 1031 715 quaesivit,

143 725 256 756 aquam
271 716 348 746 dixit
363 727 424 747 esse
439 717 561 747 initium
576 727 699 753 rerum;
721 717 826 748 Deum
837 724 952 755 autem,
964 727 1032 747 eam

143 764 288 796 mentem,
305 770 374 800 quae
394 770 460 790 ex
452 771 533 801 aqua
552 766 660 790 cuncta
679 760 814 801 fingeret.
845 760 879 791 Si
894 760 948 790 Dii
963 771 1033 801 pos-

144 807 215 831 sunt
230 812 292 832 esse
307 803 370 832 sine
385 813 472 833 sensu
489 809 518 833 et
533 809 631 842 motu,
652 814 705 834 cur
724 815 812 845 aquae
832 803 986 843 adjunxit,
1007 803 1032 834 si

143 844 209 885 ipsa
224 855 310 876 mens
325 852 459 876 constare
474 852 571 887 potest
586 856 694 877 vacans
708 847 853 887 corpore?

184 888 411 919 Anaximandri
426 895 529 919 autem
544 889 646 930 opinio
661 896 716 927 est,
730 890 846 920 nativos
859 899 921 920 esse
936 889 1031 928 Deos,

143 930 241 971 longis
257 931 421 962 intervallis
437 933 575 966 orientes..
595 932 833 973 occidentesque,
856 943 966 973 eosque
985 932 1034 962 in-

142 975 344 1005 numerabiles
359 985 421 1005 esse
435 975 575 1005 mundos.
600 976 661 1006 Sed
675 986 729 1007 nos
745 976 862 1016 Deum,
881 975 939 1006 nisi
953 985 1033 1006 sem-

143 1016 308 1057 piternum,
326 1018 493 1058 intelligere
508 1019 562 1059 qui
579 1019 765 1059 possumus?

184 1059 258 1090 Post
285 1061 496 1091 Anaximenes
525 1061 595 1091 a'era
624 1061 729 1092 Deum
756 1061 872 1101 statuit,
897 1072 1031 1110 eumque

140 1102 238 1143 gigni,
255 1113 377 1144 esseque
392 1104 578 1134 immensum
594 1109 623 1134 et
638 1104 805 1143 infinitum,
822 1111 851 1135 et
866 1115 984 1145 semper
999 1105 1032 1135 in

140 1152 249 1181 motu3
273 1147 360 1187 quasi
374 1153 428 1177 aut
442 1150 494 1177 ae'r
509 1147 572 1177 sine
587 1147 652 1177 ulla
665 1148 766 1178 forma
784 1148 870 1178 Deus
885 1158 947 1178 esse
962 1158 1032 1188 pos-

141 1188 189 1227 sit,
208 1198 277 1219 cum
292 1190 457 1230 praesertim
473 1190 577 1220 Deum
589 1200 650 1221 non
665 1191 757 1221 modo
773 1191 888 1232 aliqua,
900 1191 952 1221 sed
961 1191 1032 1231 pul-

141 1231 301 1269 cherrima,
323 1233 419 1274 specie
438 1243 500 1263 esse
520 1233 643 1270 deceat;
669 1240 722 1264 aut
742 1244 804 1264 non
824 1244 926 1272 omne,
947 1233 1031 1274 quod

141 1281 244 1305 ortum
259 1275 307 1311 sit,
323 1276 492 1306 mortalitas
507 1283 716 1325 consequatur.

184 1317 246 1347 XI.
268 1317 344 1349 Inde
356 1319 575 1368 Anaxagoras,
582 1320 637 1361 qui
652 1320 766 1361 accepit
780 1321 818 1350 ab
834 1319 1032 1350 Anaximene

143 1360 346 1401 disciplinam,
361 1362 480 1402 primus
494 1362 633 1392 omnium
645 1373 748 1393 rerum
759 1363 989 1404 descriptionem
1002 1369 1032 1393 et

142 1403 280 1442 modum,
302 1405 412 1435 mentis
432 1405 559 1436 infinitae
579 1406 609 1436 vi
629 1416 664 1436 ac
684 1407 810 1445 ratione,
832 1406 983 1447 designari
1003 1412 1033 1436 et

142 1447 248 1477 confici
263 1447 378 1478 voluit·
398 1448 430 1477 in
446 1459 531 1497 quo
522 1459 583 1479 non
599 1448 685 1487 vidit,
702 1459 801 1490 neque
815 1455 947 1485 motrun,
964 1458 1032 1479 sen-

142 1489 188 1519 sui
206 1490 348 1529 junctum
370 1497 399 1521 et
419 1501 462 1521 coi
463 1492 633 1530 itinentem,
656 1492 688 1522 in
707 1492 828 1523 infinito
848 1492 949 1522 ullum
968 1502 1031 1521 esse

141 1542 247 1572 posse;
272 1543 370 1582 neque
385 1544 506 1564 sensum
522 1535 658 1584 omnino,
676 1546 737 1576 quo
753 1545 814 1565 non
835 1535 901 1576 ipsa
920 1541 1030 1564 natura

144 1585 185 1615 ph
180 1576 234 1606 zlsa
248 1577 379 1607 sentiret.
412 1577 543 1616 Deinde,
565 1578 591 1608 si
609 1585 744 1609 mentem
759 1579 847 1608 istam
865 1578 951 1618 quasi
966 1577 1032 1607 ani-

145 1619 208 1648 mal
223 1619 347 1660 aliquod
362 1630 424 1650 esse
439 1621 546 1660 voluit,
563 1621 619 1651 erit
633 1621 750 1662 aliquid
765 1621 902 1656 interius,
915 1631 954 1650 ex
969 1630 1031 1660 quo

144 1660 222 1691 illud
234 1663 347 1693 animal
357 1663 538 1694 nominetur.
559 1664 644 1702 Quid
653 1670 757 1695 autem
768 1664 895 1694 interius
906 1670 1024 1693 mente.
1016 1664 1031 1685 ⁹

141 1703 176 1733 G·
169 1711 290 1744 rugatur
304 1706 398 1746 i‹ritur
413 1715 536 1747 corpore
548 1713 681 1737 externo.
706 1707 799 1745 Quod
812 1706 957 1748 quoniam
969 1715 1031 1736 non

141 1746 249 1787 placet,
266 1755 370 1790 aperta
384 1749 576 1791 simplexque
593 1760 692 1789 mens,
715 1750 802 1781 nulla
824 1760 855 1780 re
875 1749 1031 1789 adjuncta,
