1226 1935
185 76 244 106 188
306 75 431 107 TUSC.
448 76 622 116 QUAEST.
639 76 719 108 LIB.
739 77 806 108 ΙΙΙ.
823 77 907 110 ΟΑΡ.
923 79 953 110 8.

176 161 242 199 Qui
265 168 368 193 autem
395 168 438 193 est
460 162 566 202 fidens,
591 164 617 194 is
642 164 775 204 profecto
795 174 856 195 non
877 165 1066 198 extimescit.

176 205 324 246 discrepat
340 205 421 236 enim
437 217 456 236 a
470 206 605 237 timendo
620 207 777 237 confidere.
805 208 936 249 Atque
927 218 959 237 111
975 219 1068 249 quem

173 248 254 278 cadit
269 249 452 289 aegritudo,
444 259 475 279 1n
492 250 634 280 eumdem
650 251 754 280 timor:
783 261 914 291 quarum
927 251 1008 282 enim
1021 262 1067 283 re-

174 301 244 321 rum
259 292 420 332 praesentia
434 303 540 323 sumus
555 293 587 323 in
603 294 791 334 aegritudine,
809 293 927 324 easdem
946 294 1065 335 impen-

172 333 278 365 dentes
299 341 328 365 et
348 335 499 366 venientes
521 336 674 366 timemus.
711 337 760 367 Ita
777 336 822 374 fit,
840 342 874 367 ut
892 337 1062 368 fortitudini

172 377 319 417 aegritudo
342 385 498 419 repugnet.
534 379 707 410 Verisimile
729 386 773 410 est
794 380 898 420 igitur,
914 380 946 409 in
969 391 1062 421 quem

169 420 257 450 cadat
276 421 433 461 aegritudo,
458 422 562 452 cadere
584 423 615 452 in
638 423 779 453 eumdem
803 423 954 459 timorem,
971 430 1001 453 et
1016 424 1063 453 in-

169 463 346 494 fractionem
360 465 525 505 quamdam
542 465 648 503 animi
659 472 688 495 et
700 465 919 496 demissionem.
937 466 1037 503 Quae
1029 477 1060 496 m

168 516 262 546 quem
278 507 400 545 cadunt,
417 508 448 537 in
465 508 607 538 eumdem
619 508 709 546 cadit,
726 514 761 538 ut
773 509 891 545 serviat,
903 514 938 538 ut
947 509 1061 540 victum

169 560 201 579 se
216 550 399 590 quandoque
415 561 477 580 esse
492 551 641 581 fateatur·
666 562 734 591 quae
746 552 799 592 qui
809 552 923 591 recipit,
937 552 1060 593 recipiat

168 591 250 622 idem
266 603 384 623 necesse
400 599 443 623 est
458 593 651 624 timiditatem
669 600 698 624 et
715 594 878 634 ignaviam.
918 595 990 624 Non
1010 605 1059 625 ca-

167 635 246 665 dunt
261 642 364 666 autem
380 636 467 667 haec
459 646 491 666 1n
506 637 606 667 virum
622 637 753 667 fortem.
778 637 871 677 igitur
885 647 923 667 ne
935 638 1059 678 aegritu-

165 677 206 708 do
221 678 356 719 quidem.
379 679 426 709 At
441 689 530 710 nemo
546 680 675 720 sapiens,
692 680 750 710 nisi
770 680 864 711 fortis.
888 663 980 710 Nono
978 681 1058 712 cadit

166 731 237 761 ergo
252 722 284 751 in
300 722 466 763 sapientem
482 722 638 763 aegritudo.

211 765 361 795 Praeterea
383 775 501 796 necesse
523 772 577 804 est,
595 766 648 807 qui
669 765 753 796 fortis
769 765 818 815 sit?
835 765 977 797 eumdem
993 777 1056 798 esse

161 808 266 847 magni
282 808 396 838 animi:
421 809 474 850 qui
492 810 597 849 magni
620 810 714 839 animi
736 810 784 847 sit,
806 809 974 845 invictum;
999 811 1052 851 qui

163 850 293 881 invictus
309 852 357 888 sit,
375 862 446 882 eum
462 863 507 882 res
523 852 672 883 humanas
687 852 848 893 despicere,
867 858 958 894 atque
976 853 1055 884 infra

163 904 194 923 se
209 894 319 935 positas
334 895 481 925 arbitrari.
506 895 668 936 Despicere
683 902 783 926 autem
797 905 886 926 nemo
898 902 995 937 potest
1005 907 1055 927 eas

163 947 220 972 res,
237 943 358 978 propter
382 949 457 979 quas
482 939 660 978 aegritudine
683 938 761 969 affici
784 944 889 979 potest.
923 939 973 968 Ex
991 950 1053 979 quo

162 979 300 1019 efficitur,
321 980 429 1011 fortem
453 981 552 1011 virum
578 982 756 1022 aegritudine
779 992 938 1022 nunquam
963 982 1051 1013 affici.

162 1022 281 1054 Omnes
303 1030 406 1054 autem
422 1024 580 1065 sapientes,
597 1025 687 1055 fortes
701 1036 708 1054 :
734 1035 793 1054 non
810 1025 889 1055 cadit
907 1025 999 1065 igitur
1019 1025 1050 1055 in

161 1066 327 1106 sapientem
343 1067 498 1107 aegritudo.
522 1067 576 1105 Et,
594 1067 853 1108 quemadmodum
866 1069 970 1098 oculus
980 1078 1051 1098 con-

158 1111 297 1140 turbatus
312 1120 373 1140 non
389 1116 433 1141 est
448 1112 541 1151 probe
556 1111 679 1141 affectus
694 1111 732 1140 ad
748 1121 837 1141 suum
854 1121 967 1141 munus
978 1111 1050 1141 fun-

159 1152 321 1192 gendun1;
346 1158 376 1183 et
399 1154 524 1194 reliquae
547 1160 656 1194 parteS‚
676 1160 813 1184 totumve
836 1164 944 1194 corpus
968 1160 1048 1184 statu

158 1205 229 1225 cum
256 1201 300 1226 est
326 1202 456 1234 motum,
483 1197 565 1227 deest
590 1197 688 1227 officio
711 1208 765 1227 suo
789 1204 818 1227 et
839 1197 981 1233 muneri3
1006 1197 1048 1228 sic

157 1240 354 1269 conturbatus
369 1240 490 1269 animus
510 1249 570 1270 non
589 1246 633 1270 est
653 1246 742 1281 aptus
760 1240 799 1270 ad
820 1240 1047 1281 exsequendum

157 1291 270 1312 munus
286 1293 386 1312 suum.
420 1283 540 1313 Munus
555 1289 657 1313 autem
673 1283 767 1313 animi
783 1289 827 1314 est
841 1283 955 1314 ratione
970 1285 1047 1314 bene

157 1324 222 1354 uti:
247 1331 277 1354 et
291 1326 433 1366 sapientis
454 1326 575 1356 animus
594 1327 637 1357 ita
657 1337 774 1375 semper
796 1326 919 1356 affectus
941 1332 995 1363 est,
1012 1332 1047 1357 ut

155 1367 270 1398 ratione
288 1369 402 1409 optime
421 1375 543 1399 utatur:
568 1379 728 1411 nunquam
748 1369 842 1410 igitur
864 1376 908 1400 est
927 1368 1046 1410 pertur-

156 1411 253 1441 batus.
277 1412 324 1442 At
345 1412 492 1453 aegritudo
513 1413 700 1453 perturbatio
722 1419 766 1443 est
785 1412 901 1443 animi·
927 1423 1045 1454 semper

153 1452 247 1494 igitur
261 1465 297 1484 ea
312 1455 429 1495 sapiens
446 1456 572 1486 vacabit.

197 1497 296 1527 VIII.
321 1498 395 1528 Veri
411 1498 502 1529 etiam
518 1499 616 1529 simile
631 1498 709 1528 illud
731 1504 786 1536 est,
806 1499 859 1540 qui
875 1499 912 1529 sit
927 1505 1044 1540 tempe-

153 1550 234 1577 rans,
251 1551 343 1581 quem
358 1542 458 1572 Graeci
477 1549 608 1581 σωφρονα
623 1542 787 1582 appellant,
804 1553 932 1583 eamque
948 1543 1044 1573 virtu-

154 1588 216 1613 tem
243 1591 420 1624 σωφροσυνην
443 1590 561 1622 vocant,
588 1595 681 1625 quam
708 1585 788 1615 soleo
810 1586 951 1626 equidem
974 1592 1041 1616 tum

153 1628 395 1667 temperantiam,
422 1634 488 1658 tum
515 1628 752 1658 moderationem
779 1629 941 1669 appellare,
966 1639 1043 1658 non-

152 1679 310 1710 nunquam
327 1671 416 1700 etiam
433 1671 610 1701 modestiam
623 1683 632 1701 ε
657 1671 707 1701 sed
723 1672 805 1701 haud
821 1672 891 1709 scio,
908 1682 946 1702 an
963 1679 1041 1702 recte

151 1723 186 1742 ea
202 1713 296 1743 virtus
311 1713 469 1754 frugalitas
483 1715 628 1755 appellari
650 1715 753 1755 possit,
777 1715 858 1755 quod
881 1715 1040 1756 angustius

151 1756 234 1796 apud
251 1757 372 1788 Graecos
387 1757 477 1797 valet,
494 1758 548 1799 qui
562 1757 644 1800 frugi
658 1758 796 1789 homines
810 1770 969 1800 χρησιμους
984 1769 1038 1799 ap-
