1180 1935
183 94 248 130 372
292 94 353 127 DE
371 96 479 127 NAT.
496 96 633 128 DEOR.
650 96 728 127 Lm.
746 96 792 128 ΙΙ.
810 96 893 128 ΟΑΡ.
909 97 961 132 37.

181 189 242 210 non
257 181 404 223 intelligo,
426 193 479 214 cur
494 193 554 214 non
577 182 659 213 idem
673 188 770 224 putet,
787 183 811 213 si
831 183 1067 214 innumerabiles

180 224 271 254 unius
281 230 310 255 et
321 226 428 266 viginti
443 227 547 257 formae
558 227 713 256 literarum
726 226 773 256 vel
784 237 893 263 aureae,
904 226 951 256 vel
963 227 1068 266 quales

181 266 265 303 libet,
290 269 392 309 aliquo
418 270 625 309 conjiciantur,
651 279 736 309 posse
755 280 792 299 ex
813 269 870 306 his,
897 269 929 298 in
955 274 1066 299 terram

180 311 321 348 excussis,
346 313 468 342 annales
495 312 600 348 Ennii,
625 318 659 342 ut
687 312 825 351 deinceps
854 311 913 351 legi
940 312 1064 352 possint,

179 352 274 383 effici:
299 355 381 394 quod
397 356 495 386 nescio
510 366 548 385 an
564 366 601 385 ne
617 355 648 384 in
664 364 725 384 uno
737 355 860 394 quidem
876 365 962 384 versu
974 355 1067 394 possit

179 400 299 426 tantum
323 398 420 428 valere
440 399 570 428 fortuna.
607 397 662 427 Isti
683 403 786 427 autem
807 397 1066 437 quemadmodum

178 445 358 476 asseverant,
375 451 412 471 ex
429 441 612 481 corpusculis
628 450 687 469 non
710 440 818 476 colore,
838 449 898 469 non
921 440 1067 480 qualitate

178 481 282 521 aliqua
308 487 415 523 (quam
445 490 589 518 Ποιοτητα
614 483 713 512 Graeci
738 488 870 520 vocant),
894 492 955 512 non
977 493 1065 513 sensu

177 525 321 563 praeditis,
336 526 386 556 sed
402 526 646 556 concurrentibus
656 532 767 555 temere
778 531 869 565 atque
879 535 961 561 casu,
974 535 1066 556 mun-

177 566 253 597 dum
280 579 341 598 esse
363 569 556 609 perfectum?
580 569 624 599 vel
653 568 887 598 innumerabiles
909 568 1009 608 potius
1033 568 1065 598 in

177 611 261 640 omni
287 618 399 651 puncto
425 612 568 653 temporis
594 612 668 641 alios
692 611 784 648 nasci,
815 611 888 641 alios
918 611 1064 642 interire?

178 653 271 690 Quod
295 654 319 684 si
341 655 493 685 mundum
516 655 629 685 efficere
649 660 747 695 potest
766 664 927 684 concursus
948 660 1064 684 atomo-

176 706 257 734 rum,
275 707 328 727 cur
349 698 511 738 porticum,
528 708 581 728 cur
603 697 764 737 templum,
782 707 835 726 cur
855 697 993 733 domum,
1011 707 1064 727 cur

175 740 294 775 urbem,
306 750 365 770 non
376 747 473 781 potest
487 743 500 771 Ρ
524 751 593 782 quae
603 747 673 770 sunt
682 740 783 770 minus
795 750 928 780 operosa,
942 746 971 770 et
983 740 1064 769 mul-

176 786 207 811 to
223 782 346 822 quidem
362 783 503 814 faciliora.
543 784 631 814 Certe
646 783 688 813 ita
703 789 813 813 temere
829 783 866 812 de
886 782 1002 812 mundo
1020 782 1063 812 ef-

176 824 302 861 futiunt,
319 833 353 856 ut
374 827 450 856 mihi
474 827 597 867 quidem
619 836 777 867 nunquam
796 825 877 856 hunc
899 825 1063 855 admirabi-

174 867 235 897 lem
253 869 317 898 coeli
333 876 485 908 ornatum,
499 870 553 910 qui
567 870 650 900 locus
661 875 704 900 est
713 868 882 910 proximus,
893 868 1062 909 suspexisse

175 910 342 942 videantur.

218 955 365 985 Praeclare
394 965 464 996 ergo
487 956 677 993 Aristoteles,
704 956 727 974 “
743 955 768 986 si
791 955 922 991 essent,''
949 954 1060 994 inquit,

175 998 197 1014 “
213 998 267 1038 qui
282 1000 338 1028 sub
355 999 433 1029 terra
448 1010 565 1040 semper
580 999 804 1035 habitavissent,
821 998 907 1028 bonis
927 1003 957 1028 et
977 998 1062 1026 illus-

172 1040 269 1070 tribus
298 1041 468 1079 domiciliis,
496 1053 565 1083 quae
590 1048 687 1072 essent
716 1048 822 1071 ornata
847 1041 940 1081 signis
969 1046 1062 1080 atque

172 1083 308 1123 picturis,
339 1085 543 1126 instructaque
572 1086 661 1115 rebus
694 1084 731 1114 iis
765 1084 918 1121 omnibus,
949 1083 1061 1123 quibus

172 1127 329 1157 abundant
343 1127 364 1156 ii
385 1128 438 1168 qui
458 1128 537 1158 beati
558 1133 714 1168 putantur,
737 1137 791 1157 nec
808 1132 910 1156 tamen
930 1127 1061 1155 exissent

170 1178 308 1210 unquam
330 1181 420 1211 supra
443 1176 574 1206 terram;
599 1170 779 1210 accepissent
799 1176 901 1199 autem
925 1168 1009 1198 fama
1033 1174 1062 1198 et

170 1212 334 1249 auditione,
359 1223 420 1243 esse
446 1214 599 1254 quoddam
623 1223 737 1243 numen
761 1218 790 1242 et
812 1212 875 1242 vim
898 1211 1059 1247 Deorum;

169 1254 278 1285 deinde
293 1256 395 1296 aliquo
416 1262 560 1297 tempore,
578 1256 733 1297 patefactis
748 1261 833 1285 terrae
853 1254 1002 1292 faucibus,
1024 1264 1061 1284 ex

171 1297 231 1328 iJJis
251 1298 360 1329 abditis
387 1299 507 1330 sedibus
530 1299 653 1329 evadere
675 1299 706 1328 in
730 1299 794 1328 haec
818 1298 893 1335 loca,
911 1308 980 1338 quae
1004 1307 1059 1327 nos

170 1340 341 1379 incolimus,
358 1348 448 1383 atque
464 1342 545 1373 exire
566 1342 754 1383 potuissent;
779 1351 849 1371 cum
864 1346 985 1381 repente
1000 1346 1060 1370 ter-

170 1394 247 1421 ram,
265 1390 294 1414 et
309 1385 415 1421 maria,
427 1386 597 1426 coelumque
613 1385 774 1420 vidissent3
799 1383 929 1414 nubium
939 1383 1059 1423 magni-

169 1427 319 1465 tudinem,
336 1433 556 1469 ventorumque
579 1428 641 1459 vim
665 1427 881 1468 cognovissent,
904 1426 1058 1466 adspexis-

169 1476 295 1511 sentque
307 1471 411 1508 solem,
424 1472 549 1512 ejusque
558 1478 625 1502 tum
634 1470 877 1511 magnitudinem
889 1469 1058 1510 pulchritu-

168 1512 343 1554 dinemque,
357 1520 423 1544 tum
439 1514 529 1544 etiam
540 1514 729 1544 efficientiam
746 1513 962 1553 cognovissent,
975 1511 1058 1552 quod

168 1556 193 1586 is
208 1555 289 1586 diem
306 1556 443 1593 efficeret,
460 1563 522 1587 toto
537 1557 609 1588 coelo
624 1557 691 1587 luce
706 1556 816 1586 diffusa
829 1567 839 1591 ς
863 1565 933 1586 cum
953 1560 1057 1585 autem

167 1604 260 1629 terras
283 1609 344 1629 nox
368 1600 531 1640 opacasset,
556 1606 623 1630 tum
648 1601 757 1630 coelum
780 1605 879 1629 totum
903 1602 1058 1628 cernerent

168 1642 254 1672 astris
270 1642 444 1673 distinctum
460 1649 489 1674 et
504 1650 656 1681 ornatum,
679 1643 820 1684 lunaeque
835 1641 989 1671 luminum
1004 1650 1057 1670 va-

167 1685 304 1715 rietatem
326 1691 393 1716 tum
414 1687 580 1723 crescentis,
596 1692 664 1717 tum
686 1685 873 1721 senescentis,
890 1693 1057 1724 eorumque

168 1728 307 1759 omnium
330 1734 413 1760 ortus
433 1735 463 1760 et
485 1740 617 1769 occasus,
633 1735 725 1771 atque
746 1728 778 1759 in
793 1727 876 1759 omni
891 1726 1056 1758 aeternitate
