1226 1935
231 82 292 114 DE
317 80 425 112 NAT.
443 79 581 112 DEOR.
609 80 687 111 Lm.
707 79 732 110 Ι.
751 80 833 111 (ΪΛΡ.
851 80 903 112 31.
948 81 1012 112 323

123 175 216 210 atquo
230 168 332 209 ipsum
348 167 403 198 tibi
418 166 574 208 displicere
585 168 600 198 ‚⁹
624 166 671 196 At
686 173 719 197 tu
734 167 795 197 mei
811 167 940 198 similem
960 180 1017 209 pu·-

125 218 170 242 tas
185 222 259 248 esse,
275 217 329 241 aut
343 211 400 247 tui,
418 211 520 241 Deum
534 211 548 240 :³
572 210 711 240 Profecto
732 220 792 240 non
808 217 906 250 putas.
931 212 1017 249 Quid

124 256 220 295 ergo?
244 255 337 284 solem
352 253 464 290 dicam,
481 258 534 283 aut
548 253 667 290 lunam,
684 259 738 283 aut
753 253 874 290 coelum,
886 254 988 284 Deum
1002 258 1016 285 ἶ)

124 308 195 337 ergo
208 297 299 328 etiam
315 299 438 327 beatum
452 298 465 327 Ρ
489 295 601 336 quibus
616 296 767 326 fruentem
784 296 991 336 voluptatibus
1002 300 1016 328 ?

126 347 155 371 ct
177 340 368 381 sapientem?
393 341 457 377 Qui
484 345 581 379 potest
604 349 666 369 csse
689 339 719 368 in
742 339 891 378 ejusmodi
912 346 1020 371 trunco

125 383 297 424 sapientia?
322 383 399 413 Haec
421 388 518 412 vestra
538 388 618 412 sunt.
642 382 675 412 Si
695 382 789 422 igitur
809 391 863 412 nec
884 382 1020 414 humano

124 426 191 457 visu
204 425 300 467 (quod
311 425 426 463 docui),
448 435 503 455 nec
520 425 573 455 tali
588 424 691 465 aliquo
713 424 809 465 (quod
824 425 879 455 tibi
895 436 1019 466 persua..

126 480 195 500 sum
223 475 292 507 est),
319 468 394 510 quid
420 468 542 498 dubitas
568 478 689 509 negare,
715 467 798 498 Deos
822 478 884 498 esse
896 470 910 499 ‚⁹
946 470 1019 499 Non

126 512 229 543 audes.
264 512 422 552 Sapienter
441 511 473 541 id
493 511 618 552 quidem
630 523 639 541 ι
663 511 717 541 etsi
738 510 875 541 hocloco
890 521 950 542 non
966 523 1022 553 po-

126 556 238 596 pulum
255 555 377 589 metuis,
395 554 446 584 sed
462 554 542 595 ipsos
558 554 650 584 Deos.
685 554 768 584 Novi
784 564 839 594 ego
855 554 1022 595 Epicureos

125 599 229 628 omnia
251 598 351 638 sigilla
376 603 591 628 numerantes:
616 607 805 638 quamquam
831 597 918 628 video
945 608 1022 628 non-

126 642 219 672 nullis
242 641 348 677 videri,
375 640 558 681 Epicurum,
583 651 621 670 ne
644 640 676 671 in
700 640 1022 672 offensionem*Athe—

127 683 281 715 niensium
305 684 434 721 caderet,
459 684 557 714 verbis
582 683 739 724 reliquisse
754 683 848 721 Deos,
870 694 901 714 re
922 690 1022 715 sustu-

126 728 205 758 lisse.
230 728 340 768 Itaque
352 727 383 757 in
399 726 459 757 inis
474 726 589 757 selectis
604 728 669 766 ejus
684 727 888 768 brevibusque
903 734 1023 758 senten-

128 771 189 808 tiis,
212 781 288 812 quas
312 770 472 811 appellatis
496 775 600 810 Κυριας
625 771 728 809 Δοξας,
747 770 823 808 haec,
846 776 881 800 ut
903 771 1022 811 opinor,

127 814 227 855 prima
248 814 396 844 sententia
416 819 479 843 est:
505 814 528 830 ‘⁶
542 812 636 850 Quod
655 814 780 843 beatum
802 820 832 843 et
851 813 1024 845 immortale

129 864 184 895 est,
201 857 232 887 id
247 867 303 887 nec
317 857 420 893 habet,
437 865 490 886 nec
506 856 628 886 exhibet
643 856 800 897 cuiquam,
817 857 1009 897 negotium.”

173 900 304 931 XXXI.
324 900 363 930 In
375 899 432 930 hac
443 899 486 929 ita
497 899 633 939 exposita
645 900 803 937 sententia,
821 905 892 929 sunt
907 900 961 941 qui
973 910 1026 930 ex-

129 944 276 981 istiment,
291 942 374 984 quod
388 942 440 973 ille
455 942 573 972 inscitia
587 942 678 983 plane
691 942 837 983 loquendi
851 942 965 981 fecerit,
982 943 1026 973 fe-

130 987 204 1017 cisse
219 987 366 1017 consulto.
391 985 440 1016 De
454 985 579 1015 homine
593 985 721 1016 minime
733 985 817 1016 vafro
828 986 909 1016 male
924 986 1027 1016 existi„

132 1036 228 1060 mant.
249 1029 390 1059 Dubium
402 1034 445 1059 est
455 1028 549 1065 enim,
559 1035 664 1058 utrum
674 1028 755 1059 dicat
764 1028 880 1070 aliquid
889 1029 945 1059 iste
956 1031 1027 1060 bea-

132 1078 201 1103 tum
213 1078 243 1103 et
253 1072 437 1109 immortale,
454 1081 505 1108 an,
522 1071 640 1112 siquod
653 1072 691 1101 sit
702 1073 837 1109 beatum,
850 1071 882 1101 id
895 1082 957 1102 esse
968 1072 1026 1102 iin-

131 1116 269 1147 mortale.
293 1115 368 1146 Non
384 1114 641 1151 animadvertunt,
658 1115 710 1145 hic
730 1125 801 1145 eum
817 1115 961 1155 ambigue
982 1115 1027 1145 lo-

133 1165 240 1189 cutum
260 1169 342 1189 esse:
367 1158 419 1188 sed
440 1157 546 1187 multis
560 1157 627 1188 aliis
642 1158 725 1194 locis,
742 1163 771 1188 et
786 1158 888 1195 illum,
911 1165 940 1188 et
956 1158 1027 1189 Me-

132 1202 302 1240 trodorum,
315 1207 379 1231 tam
391 1206 504 1242 aperte,
517 1211 612 1241 quam
627 1201 720 1242 paulo
735 1206 805 1231 ante
820 1205 858 1231 te.
884 1201 943 1231 Ille
959 1212 1029 1232 vero

134 1245 218 1276 Deos
233 1255 295 1275 esse
311 1250 419 1286 putat:
436 1253 491 1274 nec
506 1254 694 1285 quemquam
710 1244 784 1281 vidi,
801 1244 855 1285 qui
870 1244 968 1285 magis
983 1255 1028 1281 ea,

135 1299 205 1329 quae
219 1287 356 1318 timenda
370 1297 433 1318 esse
447 1293 581 1327 negaret,
595 1287 736 1323 timeret;
760 1294 890 1317 mortem
905 1287 984 1324 dico,
1001 1295 1030 1318 et

137 1332 228 1362 Deos.
262 1331 386 1369 Quibus
400 1330 565 1360 mediocres
576 1330 715 1360 homines
730 1340 790 1360 non
806 1330 849 1360 ita
860 1330 949 1361 valde
963 1341 1030 1361 mo-

137 1381 256 1411 ventur,
278 1374 326 1404 his
349 1374 402 1404 ille
422 1373 534 1403 clamat
556 1373 697 1403 omnium
717 1373 893 1404 mortalium
915 1380 1031 1404 mentes

137 1428 200 1448 esse
214 1417 395 1458 perterritas.
419 1416 483 1446 Tot
497 1417 595 1446 millia
606 1416 836 1453 latrocinantur,
853 1423 950 1447 morte
962 1428 1032 1457 pro--

137 1460 245 1501 posita.
282 1460 350 1490 Alii
374 1460 488 1497 omnia,
512 1470 582 1500 quae
602 1465 739 1500 possunt,
761 1460 833 1490 fana
856 1460 1031 1500 compilant.

139 1503 249 1541 Credo,
274 1511 328 1534 aut
350 1503 419 1534 illos
442 1502 549 1533 mortis
573 1503 664 1533 timor
686 1508 788 1541 terret,
812 1509 866 1533 aut
886 1503 940 1533 hos
965 1503 1034 1533 reli-

139 1546 247 1588 gionis.

185 1589 257 1626 Sed,
281 1589 425 1631 quoniam
449 1598 511 1620 non
537 1589 630 1620 audes
657 1590 738 1629 (jam
763 1589 845 1620 enim
871 1599 942 1619 cum
969 1588 1036 1629 ipso

143 1611 280 1674 Epicuio
300 1633 422 1673 loquar)
443 1642 565 1672 negare,
586 1643 649 1663 esse
664 1632 767 1669 Deos,
792 1632 868 1673 quid
883 1637 938 1669 est,
954 1631 1038 1672 quod

143 1682 174 1706 te
193 1675 351 1716 impediat,
376 1681 430 1705 aut
453 1676 560 1714 solem,
582 1682 636 1706 aut
655 1676 775 1714 lunam,
797 1681 851 1705 aut
870 1675 1036 1710 mundum,

145 1724 199 1749 aut
218 1724 352 1749 mentem
374 1718 509 1758 aliquam
531 1719 758 1759 sempiternam,
782 1718 814 1748 in
830 1718 968 1748 Deorum
984 1727 1038 1747 na-

147 1761 217 1792 tura
237 1763 374 1802 ponere?
399 1761 572 1803 Nunquam
597 1762 670 1802 vidi,
695 1761 808 1803 inquit,
833 1760 968 1793 animam
992 1770 1040 1790 ra-
