1180 1935
153 80 214 113 DE
238 79 345 110 NAT.
362 79 499 111 DEOR.
517 81 595 110 Lm.
612 80 678 110 ΙΙΙ.
695 80 778 110 Cm‘.
792 80 845 109 36.
890 78 948 109 431

67 165 211 196 dantibus
236 165 316 196 nolle
341 175 468 196 sumere.
511 165 726 206 Eumdemque
752 165 853 195 ferunt
877 164 953 201 haec,

68 219 137 248 quae
155 208 230 246 dixi,
252 209 370 238 sublata
389 208 426 238 (le
445 208 534 246 fanis,
555 209 586 238 in
611 209 712 238 sorum
732 208 902 248 protulisse,
925 211 955 236 et

69 262 122 292 per
136 261 304 292 praeconem
319 250 505 285 vendidisse;
529 251 694 291 exactaque
706 250 846 291 pecunia,
871 249 956 279 edix-

68 295 136 330 isse,
153 299 198 330 ut,
215 293 297 334 quod
312 294 441 334 quisque
456 303 474 322 a
492 293 580 323 sacris
594 294 728 329 haberet,
744 293 775 323 id
791 298 859 322 ante
874 292 956 322 diem

69 343 181 367 certam
202 337 234 366 in
259 347 349 366 suum
371 335 514 376 quodque
538 336 643 365 fanum
668 336 798 366 referret.
834 336 895 371 Ita,
919 334 958 364 ad

70 379 258 420 impietatem
273 379 306 409 in
322 379 415 415 Deos,
431 378 463 408 in
479 378 616 408 homines
632 378 772 417 adjunxit
787 377 942 416 injuriam.

113 422 256 452 XXXV.
281 422 375 452 Hunc
396 421 489 462 igitur
503 430 558 450 nec
573 420 739 461 Olympius
759 421 883 461 Jupiter
898 420 959 450 ful-

70 465 153 495 mine
172 465 328 506 percussit,
351 474 406 494 nec
422 463 617 504 AEsculapius
631 463 740 492 misero
755 462 961 503 diuturnoque

71 509 178 538 morbo
198 508 399 538 tabescentem
420 506 590 539 interemit:
615 511 706 546 atque
725 505 756 534 in
779 515 832 535 suo
850 505 961 535 lectulo

71 556 221 588 mortuus,
247 549 295 590 [in
310 549 530 591 Tympanidis]
547 558 657 589 rogum
671 548 774 578 illatus
789 554 854 584 est3
878 558 962 578 eam-

73 604 133 635 que
156 599 346 635 potestatem,
370 603 464 634 quam
484 591 548 632 ipse
571 602 625 632 per
645 591 740 621 scelus
760 596 824 620 erat
844 597 961 629 nactus,

73 637 160 677 quasi
169 638 285 676 justam
301 642 331 666 et
344 636 526 676 legitimam,
549 633 730 665 haereditatis
744 633 810 664 loco
825 633 888 663 filio
902 639 963 663 tra-

73 679 160 710 didit.

118 723 220 753 Invita
239 722 271 752 in
291 722 348 752 hoc
368 721 433 751 loco
453 726 588 751 versatur
607 719 721 750 oratio:
746 719 864 749 videtur
881 718 963 749 enim

76 766 283 796 auctoritatem
299 765 404 795 afferre
421 764 572 805 peccandi.
608 763 702 793 Recte
722 762 883 799 videretur,
907 761 965 791 nisi

75 814 106 838 et
120 808 237 839 virtutis
248 814 278 838 et
292 808 446 844 vitiorum,
464 807 527 837 sine
542 806 606 836 um
618 805 721 835 divina
733 805 857 842 ratione,
874 815 966 845 grave

75 851 169 892 ipsius
185 851 371 882 conscientiae
385 849 505 891 pondus
520 855 613 879 esset:
639 849 700 889 quit
715 848 845 885 sublata,
864 848 966 886 jacent

75 894 188 925 omnia.
220 894 266 924 Ut
286 894 367 924 enim
388 903 442 923 nec
463 893 572 922 domus
592 901 646 921 nec
668 891 836 931 respublica
851 890 967 920 ratione

77 937 209 979 quadam
226 943 255 968 et
270 937 429 977 disciplina
444 935 599 975 designata
614 934 761 971 videatur,
778 934 803 963 si
818 934 848 963 in
865 933 900 963 ea
911 943 967 963 nec

77 986 155 1011 recte
175 980 260 1011 factis
279 979 406 1020 praemia
426 983 543 1009 exstent
563 977 638 1013 ulla,
661 987 716 1007 nec
730 976 878 1017 supplicia
897 986 968 1017 pec-

78 1024 170 1059 catis3
195 1023 236 1053 sic
258 1022 367 1053 mundi
386 1022 490 1052 divina
509 1022 541 1051 in
555 1020 693 1051 homines
712 1019 878 1049 moderatio
897 1029 968 1060 pro-

79 1067 156 1097 fecto
170 1067 256 1096 nulla
276 1070 330 1104 est,
354 1065 378 1096 si
393 1066 425 1095 in
447 1064 482 1095 ea
497 1064 658 1094 discrimen
672 1063 794 1093 nullum
815 1068 859 1092 est
872 1063 968 1093 bono-

78 1120 149 1140 rum
164 1115 193 1140 et
206 1109 368 1139 malorum.

122 1152 169 1182 At
184 1152 264 1182 enim
279 1151 396 1182 minora
411 1150 466 1180 Dii
480 1150 650 1191 negligunt,
667 1159 765 1191 neque
780 1148 892 1189 agellos
908 1147 970 1178 sin-

80 1195 224 1237 gulorum
244 1204 298 1225 nec
318 1194 455 1224 viticulas
475 1199 717 1234 persequuntur3
742 1202 807 1228 nec,
831 1191 856 1221 si
876 1191 970 1221 uredo

81 1244 135 1269 aut
154 1238 269 1278 grando
285 1236 443 1278 quidpiam
458 1236 572 1273 nocuit,
595 1236 627 1266 id.
641 1236 664 1266 J
666 1235 715 1266 ovi
729 1234 970 1265 animadverten-

81 1281 157 1312 dum
172 1281 239 1311 fuit.
265 1281 314 1310 Ne
329 1280 361 1310 in
376 1279 475 1320 regnis
491 1279 614 1320 quidem
626 1289 710 1319 reges
725 1277 828 1309 omnia
842 1277 971 1307 minima

82 1330 197 1355 curant.
222 1323 271 1354 Sic
291 1323 372 1353 enim
397 1322 514 1358 dicitis3
539 1321 625 1362 quasi
649 1332 705 1362 ego
728 1321 821 1362 paulo
844 1325 914 1350 ante
933 1319 972 1349 de

83 1367 179 1398 fundo
207 1366 372 1397 Formiano
398 1366 435 1396 P.
460 1364 571 1395 Rutilii
598 1365 655 1396 sim
681 1369 816 1406 questus,
846 1372 908 1393 non
933 1362 972 1392 de

85 1410 198 1442 amissa
213 1410 318 1440 salute.

127 1452 288 1484 XXXVI.
311 1452 419 1493 Atque
437 1451 495 1482 hoc
516 1450 640 1492 quidem
655 1459 759 1481 omnes
774 1448 915 1480 mortales
931 1447 973 1479 sic

84 1496 208 1533 habent,
232 1501 369 1525 externas
389 1494 627 1532 commoditates,
648 1494 759 1530 vineta,
777 1498 900 1533 segetes,
917 1491 974 1522 oli-

85 1545 164 1577 veta,
188 1540 356 1568 ubertatem
371 1538 497 1578 frugum
512 1543 542 1567 et
556 1537 724 1574 fructuum,
745 1545 869 1566 omnem
889 1533 975 1564 deni-

85 1592 146 1622 que
165 1581 410 1611 commoditatem
424 1580 713 1621 prosperitatemque
728 1579 808 1616 vitae,
825 1588 844 1607 a
859 1577 928 1607 Diis
943 1587 974 1607 se

86 1625 216 1654 habere:
246 1624 389 1654 virtutem
412 1630 515 1654 autem
541 1633 631 1653 nemo
656 1631 795 1663 unquam
820 1626 974 1661 acceptam

87 1667 156 1697 Deo
167 1667 278 1697 retulit.
306 1666 464 1697 Nimirum
478 1671 565 1696 recte.
595 1665 723 1706 Propter
734 1664 877 1695 virtutem
892 1662 975 1693 enim

84 1711 153 1749 jure
171 1710 345 1747 laudamur,
368 1715 398 1740 et
416 1709 449 1739 in
464 1710 575 1739 virtute
588 1714 666 1739 recte
683 1707 868 1748 gloriamur:
892 1704 976 1747 quod

88 1762 149 1784 non
171 1753 367 1794 contingeret,
390 1753 415 1784 si
435 1752 468 1783 id
487 1752 602 1784 donum
623 1762 642 1783 a
660 1750 739 1790 Deo,
762 1759 823 1781 non
842 1760 861 1780 a
875 1748 974 1787 nobis,
