1180 1935
191 107 256 139 346
301 107 363 138 DE
388 108 495 139 NAT.
512 107 651 139 DEOR.
674 108 753 139 LJB.
771 108 817 138 II.
841 108 925 139 CAP.
941 109 974 138 9.

190 195 313 225 mebat:
338 196 361 212 ‘⁶
378 195 472 233 Quod
486 195 602 225 ratione
616 195 722 233 utitur,
746 195 777 224 id
791 195 901 225 melius
915 199 970 232 est,
987 203 1082 234 quam

190 237 223 266 id
249 238 331 278 quod
356 238 471 269 ratione
498 249 558 268 non
581 238 686 268 utitur.
726 238 815 268 Nihil
839 244 940 268 autem
966 236 1084 266 mundo

190 280 310 310 melius.
346 281 477 311 Ratione
498 281 591 321 igitur
614 281 749 312 mundus
773 281 900 311 utitur.’'
939 279 1084 310 Similiter

190 323 268 353 effici
283 330 392 364 potest,
405 325 572 365 sapientem
585 335 646 354 esse
658 325 810 354 mundum
824 335 833 359 ς
851 324 998 359 similiter,
1012 324 1084 352 bea-

190 371 279 403 tum;
305 367 452 405 similiter,
470 373 626 397 aeternum.
651 367 767 398 Omnia
782 367 863 398 enim
879 367 943 396 haec
957 365 1083 395 meliora

190 416 273 445 sunt,
298 421 391 451 quam
413 421 448 440 ea
468 421 537 451 quae
561 417 632 440 sunt
651 410 698 440 his
718 411 868 446 carentia;
894 409 951 440 nec*
967 408 1084 438 mundo

189 453 360 493 quidquam
383 454 512 489 melius;
538 464 575 483 ex
600 464 660 494 quo
687 453 824 491 efficitur,
847 464 908 484 esse
930 451 1084 482 mundum

190 495 305 525 Deum.
331 496 481 536 Idemque
496 497 552 526 hoc
564 497 675 527 modo:
694 500 716 514 ‘⁶
734 497 860 526 Nullius
876 506 963 526 sensu
980 504 1084 525 caren-

190 538 228 568 tis
252 550 322 579 pars
345 540 448 580 aliqua
470 545 568 580 potest
592 550 653 570 esse
677 540 815 570 sentiens.
844 539 960 569 Mundi
980 544 1083 568 autem

187 588 288 622 partes
304 583 464 612 sentientes
479 588 559 612 sunt.
598 583 671 612 Non
687 583 780 623 igitur
795 589 874 613 caret
890 592 976 612 sensu
992 590 1085 610 mun-

189 624 279 654 dus.''
313 625 417 666 Pergit
440 625 533 663 idem,
559 631 588 655 et
612 633 699 666 urget
719 625 896 666 angustius:
922 627 944 643 ‘⁶
958 623 1083 661 Nihil,''

187 667 299 708 inquit,
326 670 348 686 “
361 668 444 709 quod
464 668 570 705 animi,
595 669 738 710 quodque
758 669 881 699 rationis
902 674 946 698 est
964 677 1082 708 expers,

187 710 220 740 id
239 721 381 751 generare
401 722 438 741 ex
459 722 490 741 se
510 717 608 752 potest
627 712 826 749 animantem,
850 716 1083 752 compotemque

188 754 321 784 rationis.
347 755 488 784 Mundus
503 761 606 784 autem
621 761 744 795 generat
763 755 943 792 animantes,
960 763 1083 794 compo-

187 802 293 837 tesque
313 798 445 828 rationis.
479 798 633 828 Animans
654 804 698 829 est
719 798 813 839 igitur
832 797 978 835 mundus,
999 806 1084 827 com-

187 850 303 881 posque
318 841 474 871 rationis.''

232 883 383 924 Idemque
414 884 613 915 similitudine
640 887 688 919 (ut
714 895 793 926 saepe
819 885 906 921 solet)
933 883 1081 914 rationem

187 927 334 957 conclusit
345 927 402 957 hoc
416 928 527 958 modo:
548 931 569 945 “
584 928 616 958 Si
632 939 669 958 ex
684 928 764 958 oliva
776 928 930 958 modulate
943 932 1082 957 canentes

187 969 271 1000 tibiae
297 977 501 1007 nascerentur,
526 981 601 1001 num
628 971 791 1008 dubitares,
816 971 890 1011 quin
916 971 1025 1000 inesset
1048 969 1081 999 in

187 1012 269 1043 oliva
295 1013 426 1043 tibicinis
453 1014 593 1055 quaedam
618 1014 766 1044 scientia?
794 1014 892 1052 Quid,
916 1013 940 1044 si
965 1012 1082 1053 platani

187 1055 324 1086 fidiculas
348 1056 459 1087 ferrent
483 1067 642 1087 numerose
665 1059 828 1088 sonantes?
858 1057 946 1087 Idem
971 1055 1082 1086 scilicet

187 1108 333 1137 censeres,
365 1100 397 1129 in
423 1100 554 1140 platanis
580 1100 675 1130 inesse
701 1101 859 1130 musicam.
898 1100 962 1130 Cur
988 1098 1083 1138 igitur

186 1142 322 1173 mundus
337 1152 398 1173 non
421 1143 559 1173 animans
580 1143 758 1184 sapiensque
777 1143 941 1183 judicetur,
957 1152 1028 1173 cum
1043 1151 1082 1172 ex

185 1195 218 1215 se
232 1192 366 1225 procreet
381 1186 549 1216 animantes
565 1192 656 1227 atque
670 1187 836 1227 sapientes.
830 1187 866 1208 st'

230 1228 291 1258 IX.
316 1228 386 1267 Sed,
411 1229 556 1269 quoniam
570 1229 651 1277 ‘coepi
671 1240 756 1260 secus
771 1240 870 1270 agere,
887 1234 979 1270 atque
994 1227 1080 1259 initio

185 1270 344 1308 dixeram3
370 1282 514 1312 negaram
530 1272 611 1302 enim
627 1272 704 1302 hauc
719 1273 852 1314 primam
862 1279 979 1313 partem
995 1281 1082 1312 egere

185 1314 330 1350 oratione,
344 1315 427 1355 quod
440 1321 514 1346 esset
526 1315 667 1345 omnibus
678 1316 884 1356 perspicuum,
902 1315 984 1345 Deos
997 1325 1058 1345 esse
1069 1325 1079 1344 :

185 1364 288 1387 tamen
309 1358 340 1387 id
361 1358 461 1398 ipsum
478 1358 645 1389 rationibus
660 1359 792 1399 physicis
808 1359 986 1389 confirmare
1001 1358 1080 1388 volo.

186 1400 236 1430 Sic
247 1401 329 1430 enim
345 1411 390 1431 res
402 1412 432 1431 se
447 1401 549 1439 habet,
566 1408 601 1431 ut
613 1402 726 1439 omnia,
743 1413 812 1450 (1¹¹.ae
824 1403 944 1432 alantur
959 1407 988 1431 et
1003 1411 1080 1431 cres-

185 1449 266 1481 cant⁷
280 1444 454 1474 contineant
469 1444 500 1474 in
514 1456 544 1475 se
559 1445 621 1475 vim
637 1445 752 1482 caloris,
770 1445 833 1475 sine
849 1456 911 1486 qua
925 1454 1024 1485 neque
1039 1443 1081 1473 ali

184 1493 317 1526 possent,
341 1497 440 1528 neque
455 1498 592 1518 crescere.
623 1488 708 1518 Nam
724 1498 824 1525 omne,
848 1488 930 1529 quod
946 1494 989 1517 est
1008 1487 1081 1516 cali-

185 1529 261 1559 dum
286 1535 315 1560 et
335 1530 472 1570 igneum,
493 1531 588 1561 cietur
609 1537 638 1561 et
658 1532 758 1571 agitur
777 1538 863 1562 motu
888 1541 952 1561 suo.
984 1529 1079 1568 Quod

184 1579 288 1602 autem
305 1573 395 1603 alitur
411 1580 439 1603 et
455 1574 569 1611 crescit,
593 1580 678 1604 motu
695 1575 828 1622 quodam
844 1574 939 1604 utitur
955 1579 1033 1604 certo
1049 1578 1079 1602 et

184 1616 347 1656 aequabili3
372 1617 425 1657 qui
452 1618 599 1658 quamdiu
623 1624 758 1648 remanet
781 1618 812 1647 in
836 1617 933 1653 nobis,
958 1615 1076 1646 tamdiu

182 1668 287 1689 sensus
299 1665 329 1689 et
343 1659 404 1690 vita
415 1666 571 1695 remanet3
588 1661 762 1700 refrigerato
774 1667 876 1691 autem
889 1666 918 1691 et
929 1659 1076 1690 exstincto

181 1702 290 1739 calme,
307 1703 494 1733 occidimus'
486 1704 543 1744 lpsi
559 1710 588 1733 et
604 1704 837 1743 exstinguimur.

224 1745 318 1783 Quod
334 1746 457 1787 quidem
474 1747 635 1777 Cleanthes
650 1747 697 1777 his
714 1747 804 1776 etiam
817 1746 1003 1787 argumentis
1018 1744 1073 1775 do-

177 1794 235 1827 cet,
260 1796 374 1830 quanta
390 1790 433 1821 vis
448 1790 519 1821 insit
535 1790 640 1821 caloris
654 1790 687 1821 in
702 1790 787 1821 omni
802 1800 933 1832 corpore.
967 1789 1071 1829 Negat
