1226 1935
266 39 328 70 DE
352 39 549 77 FINIBUS,
566 38 645 69 Lm.
664 38 704 69 V.
722 37 805 69 CAP.
827 40 874 70 19.
974 40 1014 69 85

128 126 175 157 nis
198 135 252 156 nec
277 126 320 155 rei
342 125 498 155 familiaris
522 125 631 155 habere
655 125 827 155 rationem?
850 124 1015 166 omniaque

126 169 253 210 perpeti,
274 168 340 209 ipsit
359 168 527 208 cognitione
548 173 577 197 et
595 168 718 197 scienti&
738 174 840 208 captos
852 167 867 198 Ῥ
891 174 919 197 et
943 178 1013 198 cum

126 211 268 242 maximis
289 211 366 241 curis
387 217 415 241 et
433 210 586 240 laboribus
606 220 799 250 compensare
820 221 899 246 eam,
919 220 1012 251 quam

125 265 164 285 ex
179 253 319 284 discendo
335 254 464 294 capiant,
482 254 667 293 voluptatem
680 255 693 283 ‚⁹

168 297 251 327 Mihi
277 296 400 337 quidem
425 296 579 326 Homerus
602 295 778 334 hujusmodi
799 295 946 336 quiddam
968 296 1012 326 vi-

124 340 201 370 disse
216 339 333 369 videtur
345 339 375 368 in
392 339 427 369 iis
443 350 511 379 quae
527 339 564 368 de
574 339 714 368 Sirenum
725 339 862 368 cantibus
873 338 1010 368 finxerit:

124 392 222 423 neque
237 382 317 412 enim
339 392 447 412 vocum
469 381 614 412 suavitate
636 381 785 417 videntur,
805 387 858 411 aut
879 382 1012 411 novitate

123 425 257 466 qusidam
279 432 308 455 et
328 425 469 455 varietate
493 424 644 461 cantandi,
669 434 805 454 revocare
830 435 878 454 eos
905 424 1010 461 solitae,

124 469 177 509 qui
193 468 497 509 praetervehebantur,
520 467 571 497 sed
589 467 662 507 quia
682 467 780 496 multa
801 478 831 497 se
849 467 922 497 scire
943 478 1012 507 pro-

125 512 309 546 fitebantur;
333 516 368 540 ut
382 510 519 540 homines
535 510 573 539 ad
589 520 693 539 earum
709 520 782 539 saxa
805 510 938 540 discendi
959 521 1012 540 cu-

124 554 249 595 piditate
264 554 506 584 adhaerescerent.
542 553 591 583 Ita
607 553 687 583 enim
704 553 833 583 invitant
845 553 1008 594 Ulyssem-2

124 602 209 631 (nam
231 597 316 634 verti,
342 602 376 627 ut
400 596 540 637 quaedam
566 596 706 634 Homeri,
731 596 771 626 sic
793 595 886 626 istum
909 596 1010 636 ipsum

123 640 235 670 locum.
239 645 251 677 )

167 701 189 716 ‘⁶
197 698 227 729 Ο
239 698 328 728 decus
337 698 537 739 Argolicum.
550 698 624 739 quin
634 698 763 739 puppim
775 698 878 734 flectis,
887 698 1009 738 Ulysse,

166 742 306 772 Auribus
321 747 356 771 ut
371 749 486 771 nostros
502 741 615 781 possis
607 751 766 780 a‹rnoscere
782 743 913 771 cantus?

166 785 250 815 Nam
267 795 356 814 nemo
376 784 440 814 haec
464 794 602 825 unquam
624 790 667 814 est
691 790 876 815 transvectus
897 784 1009 814 coerula

207 838 307 864 cursu,

166 871 252 909 Quin
264 871 348 912 prius
363 870 519 908 adstiterit,
537 880 646 900 vocum
662 869 821 900 dulcedine
837 875 942 910 captus
956 881 966 906 ς

164 915 249 951 Post,
267 914 355 944 variis
370 913 458 943 avido
474 914 597 943 satiatus
609 918 727 954 pectore
742 913 847 949 musis,

166 957 291 987 Doctior
307 956 345 986 ad
357 956 468 997 patrias
483 956 585 996 lapsus
600 956 768 997 pervenerit
783 966 858 986 oras.

164 1001 231 1031 Nos
246 1010 336 1040 grave
351 1007 502 1029 certamen
514 999 597 1035 belli,
614 999 791 1039 clademque
807 1005 956 1035 tenemus,

166 1043 284 1073 Graecia
299 1053 393 1083 quam
409 1042 512 1081 Trojae
527 1042 629 1072 divino
645 1042 771 1071 numine
787 1042 889 1078 vexit;

165 1086 342 1127 Omniaque
357 1096 373 1115 e
387 1085 455 1115 latis
471 1095 572 1115 rerum
588 1085 713 1125 vestigia
728 1085 846 1115 terris.''

122 1157 211 1188 Vidit
227 1156 392 1195 Homerus,
408 1155 530 1196 probari
545 1155 681 1186 fabulam
698 1165 759 1185 non
774 1166 870 1196 posse,
893 1156 917 1186 si
938 1167 1008 1187 can-

123 1200 266 1231 tiunculis
292 1205 393 1229 tantus
418 1199 462 1229 vir
488 1198 619 1228 iiretitus
646 1204 806 1228 teneretur.
845 1199 1007 1230 §cientiam

122 1243 313 1285 pollicentur,
330 1252 423 1290 quam
439 1251 500 1272 non
516 1247 579 1271 erat
593 1241 707 1271 mirum
723 1241 877 1282 sapientiae
898 1244 1008 1284 cupido

121 1286 219 1327 putria
234 1296 295 1315 esse
310 1285 463 1315 cariorem.
487 1284 594 1325 Atque
605 1285 708 1315 omnia
720 1284 846 1325 quidem
857 1285 941 1322 scire,
955 1297 1007 1316 cu-

116 1330 299 1378 juscumque
314 1327 398 1358 modi
413 1328 483 1365 sint,
497 1338 617 1368 cupere,
640 1328 848 1364 curiosorum3
873 1329 942 1359 duci
960 1340 1008 1359 ve-

118 1383 152 1402 ro
172 1372 323 1411 majorum
347 1381 449 1401 rerum
471 1370 724 1411 contemplatione
748 1370 787 1400 ad
811 1351 1008 1412 cupiditatem

119 1415 260 1452 scientiae,
277 1424 467 1444 summorum
482 1413 616 1444 virorum
632 1419 675 1443 est
690 1413 872 1454 putandum.

163 1458 258 1488 XIX.
290 1457 394 1495 Quem
415 1457 496 1487 enim
515 1457 653 1487 ardorem
669 1456 761 1486 studii
776 1457 900 1487 censetis
916 1457 1008 1488 fuisse

122 1501 153 1531 in
168 1500 364 1538 Archimede,
382 1500 447 1541 qui,
464 1500 539 1529 dum
554 1500 585 1529 in
601 1500 725 1540 pulvere
740 1500 882 1540 quaedam
897 1500 1007 1531 descri-

121 1544 167 1574 bit
181 1543 333 1581 attentius,
350 1553 387 1573 ne
403 1543 532 1583 patriam
547 1543 672 1584 quidem
693 1549 814 1583 captam
830 1554 892 1573 esse
908 1554 1007 1574 sense-

121 1587 186 1617 rit?
210 1592 359 1627 quantum
379 1586 556 1616 Aristoxeni
573 1586 732 1626 ingenium
753 1592 947 1616 consumtum
963 1588 1008 1617 vi-¹

121 1630 228 1660 demus
243 1629 274 1658 in
290 1629 411 1659 musicis
425 1631 438 1659 ἓ
462 1640 523 1670 quo
539 1629 638 1659 studio
658 1629 897 1670 Aristophanem
919 1636 1008 1670 puta-

119 1682 188 1702 mus
203 1678 321 1702 aetatem
337 1672 367 1701 in
383 1672 476 1702 literis
490 1672 637 1704 duxisse?
662 1672 749 1711 Quid
764 1672 801 1704 de
819 1673 1006 1714 Pythagora,

161 1716 308 1752 (Philos.)
327 1724 408 1746 vel„
427 1724 484 1745 111.
733 1724 744 1745 1
