1226 1935
256 81 319 111 288
372 78 497 110 TUsc.
515 78 688 117 QUAEs'r.
714 78 851 109 L1n.v.
878 79 961 110 cn.
978 80 1030 115 37.

253 166 308 207 qui
324 165 400 195 nihil
415 166 520 196 omnin
532 176 550 197 ο
566 174 635 195 cum
651 165 765 206 populo
779 165 978 195 contrahunt!
1005 165 1090 203 Quid
1106 172 1150 196 est

257 209 340 239 enim
357 209 475 239 dulcius
490 207 551 239 otio
566 209 708 239 literato?
732 208 768 238 iis
784 208 850 238 dico
862 209 967 245 literis,
981 209 1092 249 quibus
1103 209 1150 238 in-

260 252 408 282 finitatem
426 262 529 282 rerum
546 259 637 292 atque
652 258 779 287 naturae,
797 258 825 281 et
841 251 871 281 in
883 252 940 282 hcc
955 252 1020 292 ipso
1035 251 1152 281 mundo

257 295 378 330 coelum,
397 300 500 332 terras,
517 295 624 331 maria,
642 295 858 335 cognoscimus.

299 338 483 368 XXXVII.
524 338 685 368 Contemto
715 338 808 377 igitur
837 338 961 375 honore,
997 337 1149 368 contemta

259 381 349 411 etiam
373 382 513 421 pecunia,
539 380 613 421 quid
634 380 826 420 relinquitur,
849 381 930 421 quod
954 381 1149 411 extimescen-

254 424 330 454 dum
347 424 384 454 sit
398 426 411 454 ἓ
436 424 602 459 Exsilium,
621 424 734 459 (credo)
752 423 833 463 quod
849 424 880 453 in
901 424 1044 454 maximis
1060 425 1149 454 malis

252 467 383 497 ducitur.
422 467 459 497 Id
484 468 507 496 si
532 472 653 506 propter
675 466 804 496 alienam
827 472 856 496 et
876 467 1021 496 offensam
1041 467 1149 507 populi

255 511 444 540 voluntatem
460 510 577 539 malum
599 515 663 545 est;
689 519 782 549 quam
802 510 840 539 sit
861 520 895 539 ea
916 510 1148 548 contemnenda,

253 554 345 593 paulo
373 558 442 583 ante
463 553 578 582 dictum
601 558 653 582 est.
688 552 741 582 Sin
763 553 865 582 abesse
885 553 983 593 patria
1004 553 1149 583 miserum

254 602 318 632 est;
347 597 445 636 plenae
467 596 647 625 miserorum
670 595 832 635 provincia*
855 602 945 631 sunt3
975 606 1011 626 ex
1034 596 1146 637 quibus

255 639 421 669 admodum
449 638 538 679 pauci
559 638 589 667 in
611 638 740 678 patriam
762 645 961 668 revertuntur.
995 638 1041 668 At
1065 640 1147 669 mul-

254 687 358 712 tantur
370 682 456 712 bonis
470 682 597 711 exsules.
623 681 709 718 Quid
722 687 787 710 tum
800 683 812 711 ἓ
834 692 982 721 parumne
995 683 1093 712 multa
1107 682 1145 713 de

252 725 409 755 toleranda
425 730 601 766 paupertate
613 724 780 754 dicuntur?
814 724 834 753 ,J
839 735 888 754 am
905 735 974 754 vero
990 725 1143 762 exsiluzm,

253 769 278 798 si
294 779 396 798 rerum
411 774 564 803 naturam,
582 777 641 797 non
658 767 855 807 ignominiam
874 768 1016 805 nominis,
1035 769 1144 809 quaeri-

253 821 334 847 mus,
363 818 513 852 quantum
539 810 664 840 demum
690 821 707 839 a
734 810 880 850 perpetua
907 811 1145 851 peregrinatione

252 854 380 885 differt?
414 855 444 884 in
469 854 531 895 quit
554 859 656 883 {etates
681 863 749 883 suas
772 853 944 894 philosophi
966 854 1147 884 nobilissimi

254 903 497 933 consumserunt,
521 897 717 933 Xenocrates,
741 896 882 934 Crantor,
903 897 1066 933 Arcesilas,
1084 897 1147 928 La-

252 940 353 981 cydes,
377 940 568 976 Aristoteles,
589 939 829 980 Theophrastus,
853 940 947 976 Zeno,
970 941 1143 979 Cleanthes,

252 984 455 1024 Chrysippus,
472 983 648 1023 Antipater,
667 982 846 1019 Carneades,
866 983 1029 1019 Panaetius,
1048 984 1144 1014 Clito-

250 1027 389 1062 machus,
418 1026 518 1063 Philo,
544 1026 728 1062 Antiochus,
753 1025 944 1063 Posidonius,
967 1027 1143 1057 innumera-

248 1070 323 1100 biles
339 1070 410 1106 alii;
436 1069 500 1110 qui,
518 1069 610 1099 semel
631 1068 751 1109 egressi,
768 1078 927 1110 nunquam
949 1069 1076 1100 domum
1095 1081 1142 1100 re-

248 1114 374 1144 vertere-

292 1158 339 1186 At
354 1156 436 1186 enim
452 1166 512 1186 non
529 1155 585 1186 erit
600 1155 663 1185 sine
678 1155 855 1196 ignominia.
886 1156 1061 1196 Ignominia
1076 1156 1141 1187 affi-

250 1209 315 1230 cere
330 1199 440 1240 poterit
456 1199 642 1240 sapientem?
664 1199 701 1228 de
717 1199 851 1239 sapiente
866 1199 947 1229 enim
962 1199 1027 1229 haec
1042 1200 1141 1230 omnis

248 1242 343 1272 oratio
360 1248 414 1279 est,
431 1243 479 1272 cui
497 1243 565 1281 jure
580 1242 611 1271 id
626 1242 758 1272 accidere
773 1251 833 1272 non
849 1242 961 1283 possit:
986 1252 1058 1272 nam
1070 1243 1140 1282 jure

250 1285 439 1316 exsulantem
455 1285 602 1315 consolari
617 1295 678 1315 non
694 1291 819 1326 oportet.

292 1329 461 1365 Postremo,
481 1328 520 1358 ad
541 1338 646 1358 omnes
667 1338 752 1358 casus
773 1328 918 1358 facillima
937 1329 1013 1359 ratio
1032 1334 1075 1359 est
1090 1339 1139 1359 eo-

248 1382 330 1407 rum,
348 1371 401 1412 qui
418 1371 455 1401 ad
471 1371 658 1412 voluptatem
676 1382 711 1401 ea
726 1371 869 1409 referunt,
886 1382 956 1412 quae
971 1378 1140 1413 sequuntur

246 1414 279 1444 in
302 1415 385 1450 vitiu
415 1420 460 1451 ut,
485 1424 679 1455 quocumque
700 1414 764 1444 haec
785 1414 850 1445 loco
869 1415 1072 1456 suppeditent,
1096 1416 1139 1446 ibi

246 1459 333 1487 beate
354 1462 467 1498 queant
488 1457 596 1487 vivere.
630 1457 751 1498 ltaque,
774 1457 812 1488 ad
833 1468 956 1488 omnem
976 1458 1136 1497 rationem,

245 1500 276 1530 T
279 1500 359 1530 eucri
375 1511 434 1530 vox
450 1500 672 1530 accommodari
683 1506 791 1541 potest,

390 1561 413 1577 “
431 1559 534 1589 Patria
550 1565 604 1598 est,
622 1560 809 1601 ubicumque
826 1566 869 1591 est
883 1560 993 1591 bene.”

243 1629 380 1659 Socrates
396 1628 532 1669 quidem,
549 1638 620 1658 cum
636 1635 802 1669 rogaretur,
820 1630 952 1668 cujatem
967 1639 998 1660 se
1013 1639 1076 1660 esse
1090 1630 1136 1660 di-

243 1677 333 1708 ceret,
360 1671 572 1709 Mundanum,
595 1672 703 1712 inquit.
739 1671 849 1702 Totius
872 1672 953 1702 enim
974 1673 1084 1702 mundi
1107 1683 1138 1703 se

242 1714 374 1745 incolam
391 1719 420 1744 et
435 1714 531 1744 civem
548 1715 759 1745 arbitrabatur.
803 1714 888 1752 Quid
905 1715 944 1745 T.
959 1715 1135 1746 Albucius?

241 1767 343 1788 nonne
363 1757 467 1788 animo
488 1757 660 1799 oequissimo
678 1758 812 1789 Athenis
832 1758 919 1789 exsul
939 1758 1134 1800 philosopha-
