<?xml version="1.0" encoding="UTF-8"?>
<!DOCTYPE html PUBLIC "-//W3C//DTD XHTML 1.0 Transitional//EN"
    "http://www.w3.org/TR/xhtml1/DTD/xhtml1-transitional.dtd">
<html xmlns="http://www.w3.org/1999/xhtml" xml:lang="en" lang="en">
 <head>
  <title>
</title>
<meta http-equiv="Content-Type" content="text/html;charset=utf-8" />
  <meta name='ocr-system' content='tesseract 3.04.00' />
  <meta name='ocr-capabilities' content='ocr_page ocr_carea ocr_par ocr_line ocrx_word'/>
</head>
<body>
  <div class='ocr_page' id='page_1' title='image "./operaern03ciceuoft_0064.png"; bbox 0 0 1226 1935; ppageno 0'>
   <div class='ocr_carea' id='block_1_1' title="bbox 189 43 953 83">
    <p class='ocr_par' dir='ltr' id='par_1_1' title="bbox 189 43 953 83">
     <span class='ocr_line' id='line_1_1' title="bbox 189 43 953 83; baseline 0 -8"><span class='ocrx_word' id='word_1_1' title='bbox 189 46 230 76; x_wconf 87' lang='lat'>50</span> <span class='ocrx_word' id='word_1_2' title='bbox 312 43 373 75; x_wconf 90' lang='lat' dir='ltr'>DE</span> <span class='ocrx_word' id='word_1_3' title='bbox 397 44 594 83; x_wconf 87' lang='lat' dir='ltr'><strong>FINIBUS,</strong></span> <span class='ocrx_word' id='word_1_4' title='bbox 619 44 698 75; x_wconf 84' lang='lat' dir='ltr'>Lm.</span> <span class='ocrx_word' id='word_1_5' title='bbox 717 44 776 76; x_wconf 88' lang='lat' dir='ltr'>IV.</span> <span class='ocrx_word' id='word_1_6' title='bbox 801 44 884 75; x_wconf 73' lang='lat' dir='ltr'>CAP.</span> <span class='ocrx_word' id='word_1_7' title='bbox 904 45 953 75; x_wconf 89' lang='lat'>18.</span> 
     </span>
    </p>
   </div>
   <div class='ocr_carea' id='block_1_2' title="bbox 187 130 1084 1763">
    <p class='ocr_par' dir='ltr' id='par_1_2' title="bbox 188 130 1082 730">
     <span class='ocr_line' id='line_1_2' title="bbox 189 130 1079 172; baseline 0 -12"><span class='ocrx_word' id='word_1_8' title='bbox 189 136 297 171; x_wconf 85' lang='lat' dir='ltr'>praeter</span> <span class='ocrx_word' id='word_1_9' title='bbox 312 131 436 162; x_wconf 89' lang='lat' dir='ltr'>virtutes</span> <span class='ocrx_word' id='word_1_10' title='bbox 451 137 481 162; x_wconf 90' lang='lat' dir='ltr'>et</span> <span class='ocrx_word' id='word_1_11' title='bbox 495 131 579 169; x_wconf 88' lang='lat' dir='ltr'>vitia,</span> <span class='ocrx_word' id='word_1_12' title='bbox 596 130 673 161; x_wconf 90' lang='lat' dir='ltr'>inter</span> <span class='ocrx_word' id='word_1_13' title='bbox 684 139 760 172; x_wconf 87' lang='lat' dir='ltr'>quas</span> <span class='ocrx_word' id='word_1_14' title='bbox 772 130 942 171; x_wconf 83' lang='lat' dir='ltr'><strong>quidquam</strong></span> <span class='ocrx_word' id='word_1_15' title='bbox 954 131 1079 161; x_wconf 88' lang='lat' dir='ltr'>omnino</span> 
     </span>
     <span class='ocr_line' id='line_1_3' title="bbox 189 173 1079 214; baseline 0 -11"><span class='ocrx_word' id='word_1_16' title='bbox 189 174 355 212; x_wconf 81' lang='lat' dir='ltr'><strong>interesset,</strong></span> <span class='ocrx_word' id='word_1_17' title='bbox 381 175 422 205; x_wconf 90' lang='lat' dir='ltr'>sic</span> <span class='ocrx_word' id='word_1_18' title='bbox 438 185 534 205; x_wconf 86' lang='lat' dir='ltr'>errare</span> <span class='ocrx_word' id='word_1_19' title='bbox 550 174 716 210; x_wconf 75' lang='lat' dir='ltr'>Zenonem,</span> <span class='ocrx_word' id='word_1_20' title='bbox 733 174 798 214; x_wconf 87' lang='lat' dir='ltr'>qui,</span> <span class='ocrx_word' id='word_1_21' title='bbox 815 173 901 204; x_wconf 59' lang='lat' dir='ltr'>nulla</span> <span class='ocrx_word' id='word_1_22' title='bbox 918 174 947 203; x_wconf 92' lang='lat' dir='ltr'>in</span> <span class='ocrx_word' id='word_1_23' title='bbox 962 184 1004 209; x_wconf 88' lang='lat' dir='ltr'>re,</span> <span class='ocrx_word' id='word_1_24' title='bbox 1020 174 1079 204; x_wconf 88' lang='lat' dir='ltr'>nisi</span> 
     </span>
     <span class='ocr_line' id='line_1_4' title="bbox 190 216 1080 258; baseline -0.002 -11"><span class='ocrx_word' id='word_1_25' title='bbox 190 216 222 246; x_wconf 90' lang='lat' dir='ltr'>in</span> <span class='ocrx_word' id='word_1_26' title='bbox 239 217 359 255; x_wconf 89' lang='lat' dir='ltr'>virtute,</span> <span class='ocrx_word' id='word_1_27' title='bbox 378 216 448 256; x_wconf 86' lang='lat' dir='ltr'>[aut</span> <span class='ocrx_word' id='word_1_28' title='bbox 460 218 561 258; x_wconf 88' lang='lat' dir='ltr'>vitio],</span> <span class='ocrx_word' id='word_1_29' title='bbox 575 217 817 258; x_wconf 66' lang='lat' dir='ltr'><strong>propensionem,</strong></span> <span class='ocrx_word' id='word_1_30' title='bbox 830 227 868 247; x_wconf 91' lang='lat' dir='ltr'>ne</span> <span class='ocrx_word' id='word_1_31' title='bbox 880 217 1000 246; x_wconf 83' lang='lat' dir='ltr'>minimi</span> <span class='ocrx_word' id='word_1_32' title='bbox 1012 217 1080 257; x_wconf 90' lang='lat' dir='ltr'>qui-</span> 
     </span>
     <span class='ocr_line' id='line_1_5' title="bbox 190 259 1079 299; baseline 0 -10"><span class='ocrx_word' id='word_1_33' title='bbox 190 259 260 289; x_wconf 91' lang='lat' dir='ltr'>dem</span> <span class='ocrx_word' id='word_1_34' title='bbox 285 260 444 297; x_wconf 76' lang='lat' dir='ltr'><strong>momenti,</strong></span> <span class='ocrx_word' id='word_1_35' title='bbox 470 260 509 289; x_wconf 88' lang='lat' dir='ltr'>ad</span> <span class='ocrx_word' id='word_1_36' title='bbox 533 270 689 290; x_wconf 87' lang='lat' dir='ltr'>summum</span> <span class='ocrx_word' id='word_1_37' title='bbox 712 261 828 290; x_wconf 90' lang='lat' dir='ltr'>bonum</span> <span class='ocrx_word' id='word_1_38' title='bbox 851 259 1079 299; x_wconf 86' lang='lat' dir='ltr'>adipiscendum</span> 
     </span>
     <span class='ocr_line' id='line_1_6' title="bbox 189 302 1080 341; baseline -0.002 -8"><span class='ocrx_word' id='word_1_39' title='bbox 189 313 251 333; x_wconf 87' lang='lat' dir='ltr'>esse</span> <span class='ocrx_word' id='word_1_40' title='bbox 267 303 395 333; x_wconf 86' lang='lat' dir='ltr'>diceret:</span> <span class='ocrx_word' id='word_1_41' title='bbox 421 309 461 341; x_wconf 91' lang='lat' dir='ltr'>et,</span> <span class='ocrx_word' id='word_1_42' title='bbox 485 314 555 333; x_wconf 88' lang='lat' dir='ltr'>cum</span> <span class='ocrx_word' id='word_1_43' title='bbox 571 302 609 332; x_wconf 86' lang='lat' dir='ltr'>ad</span> <span class='ocrx_word' id='word_1_44' title='bbox 624 305 743 333; x_wconf 82' lang='lat' dir='ltr'>beatam</span> <span class='ocrx_word' id='word_1_45' title='bbox 761 303 854 332; x_wconf 90' lang='lat' dir='ltr'>vitam</span> <span class='ocrx_word' id='word_1_46' title='bbox 871 303 992 332; x_wconf 88' lang='lat' dir='ltr'>nullum</span> <span class='ocrx_word' id='word_1_47' title='bbox 1013 313 1080 332; x_wconf 89' lang='lat' dir='ltr'>mo-</span> 
     </span>
     <span class='ocr_line' id='line_1_7' title="bbox 190 345 1079 386; baseline -0.001 -11"><span class='ocrx_word' id='word_1_48' title='bbox 190 351 328 375; x_wconf 87' lang='lat' dir='ltr'>mentum</span> <span class='ocrx_word' id='word_1_49' title='bbox 345 357 380 376; x_wconf 91' lang='lat' dir='ltr'>ea</span> <span class='ocrx_word' id='word_1_50' title='bbox 399 357 445 376; x_wconf 87' lang='lat' dir='ltr'>res</span> <span class='ocrx_word' id='word_1_51' title='bbox 466 346 601 383; x_wconf 89' lang='lat' dir='ltr'>haberet,</span> <span class='ocrx_word' id='word_1_52' title='bbox 618 346 656 375; x_wconf 87' lang='lat' dir='ltr'>ad</span> <span class='ocrx_word' id='word_1_53' title='bbox 672 345 887 386; x_wconf 87' lang='lat' dir='ltr'>appetitionem</span> <span class='ocrx_word' id='word_1_54' title='bbox 909 351 1010 375; x_wconf 88' lang='lat' dir='ltr'>autem</span> <span class='ocrx_word' id='word_1_55' title='bbox 1032 356 1079 375; x_wconf 87' lang='lat' dir='ltr'>re-</span> 
     </span>
     <span class='ocr_line' id='line_1_8' title="bbox 189 388 1081 429; baseline -0.001 -11"><span class='ocrx_word' id='word_1_56' title='bbox 189 399 270 425; x_wconf 85' lang='lat' dir='ltr'>rum,</span> <span class='ocrx_word' id='word_1_57' title='bbox 294 399 356 419; x_wconf 77' lang='lat' dir='ltr'>esse</span> <span class='ocrx_word' id='word_1_58' title='bbox 371 389 402 418; x_wconf 86' lang='lat' dir='ltr'>in</span> <span class='ocrx_word' id='word_1_59' title='bbox 422 389 468 418; x_wconf 89' lang='lat' dir='ltr'>his</span> <span class='ocrx_word' id='word_1_60' title='bbox 489 394 644 418; x_wconf 80' lang='lat' dir='ltr'>momenta</span> <span class='ocrx_word' id='word_1_61' title='bbox 665 388 792 418; x_wconf 85' lang='lat' dir='ltr'>diceret:</span> <span class='ocrx_word' id='word_1_62' title='bbox 818 388 905 429; x_wconf 72' lang='lat' dir='ltr'>quasi</span> <span class='ocrx_word' id='word_1_63' title='bbox 926 398 995 418; x_wconf 87' lang='lat' dir='ltr'>vero</span> <span class='ocrx_word' id='word_1_64' title='bbox 1016 388 1081 418; x_wconf 81' lang='lat' dir='ltr'>haec</span> 
     </span>
     <span class='ocr_line' id='line_1_9' title="bbox 189 431 1081 472; baseline -0.001 -11"><span class='ocrx_word' id='word_1_65' title='bbox 189 431 334 472; x_wconf 87' lang='lat' dir='ltr'>appetitio</span> <span class='ocrx_word' id='word_1_66' title='bbox 355 442 416 461; x_wconf 91' lang='lat' dir='ltr'>non</span> <span class='ocrx_word' id='word_1_67' title='bbox 432 432 471 461; x_wconf 87' lang='lat' dir='ltr'>ad</span> <span class='ocrx_word' id='word_1_68' title='bbox 486 431 599 462; x_wconf 86' lang='lat' dir='ltr'>summi</span> <span class='ocrx_word' id='word_1_69' title='bbox 614 432 686 461; x_wconf 87' lang='lat' dir='ltr'>boni</span> <span class='ocrx_word' id='word_1_70' title='bbox 702 431 893 471; x_wconf 82' lang='lat' dir='ltr'>adeptionem</span> <span class='ocrx_word' id='word_1_71' title='bbox 910 431 1081 472; x_wconf 83' lang='lat' dir='ltr'>pertineret.</span> 
     </span>
     <span class='ocr_line' id='line_1_10' title="bbox 189 474 1081 514; baseline -0.001 -10"><span class='ocrx_word' id='word_1_72' title='bbox 189 474 276 512; x_wconf 82' lang='lat' dir='ltr'>Quid</span> <span class='ocrx_word' id='word_1_73' title='bbox 297 481 399 504; x_wconf 89' lang='lat' dir='ltr'>autem</span> <span class='ocrx_word' id='word_1_74' title='bbox 420 475 522 504; x_wconf 88' lang='lat' dir='ltr'>minus</span> <span class='ocrx_word' id='word_1_75' title='bbox 543 481 777 505; x_wconf 80' lang='lat' dir='ltr'>consentaneum</span> <span class='ocrx_word' id='word_1_76' title='bbox 799 480 853 511; x_wconf 83' lang='lat' dir='ltr'>est,</span> <span class='ocrx_word' id='word_1_77' title='bbox 876 484 980 514; x_wconf 88' lang='lat' dir='ltr'>quam,</span> <span class='ocrx_word' id='word_1_78' title='bbox 998 474 1081 514; x_wconf 86' lang='lat' dir='ltr'>quod</span> 
     </span>
     <span class='ocr_line' id='line_1_11' title="bbox 188 517 1080 557; baseline -0.001 -10"><span class='ocrx_word' id='word_1_79' title='bbox 188 517 285 555; x_wconf 81' lang='lat' dir='ltr'>aiunt,</span> <span class='ocrx_word' id='word_1_80' title='bbox 308 518 427 557; x_wconf 81' lang='lat' dir='ltr'>cognito</span> <span class='ocrx_word' id='word_1_81' title='bbox 448 528 569 547; x_wconf 89' lang='lat' dir='ltr'>summo</span> <span class='ocrx_word' id='word_1_82' title='bbox 590 519 680 553; x_wconf 90' lang='lat' dir='ltr'>bono,</span> <span class='ocrx_word' id='word_1_83' title='bbox 703 517 810 547; x_wconf 87' lang='lat' dir='ltr'>reverti</span> <span class='ocrx_word' id='word_1_84' title='bbox 826 528 856 546; x_wconf 86' lang='lat' dir='ltr'>se</span> <span class='ocrx_word' id='word_1_85' title='bbox 871 517 909 546; x_wconf 85' lang='lat' dir='ltr'>ad</span> <span class='ocrx_word' id='word_1_86' title='bbox 925 523 1080 554; x_wconf 86' lang='lat' dir='ltr'>naturam,</span> 
     </span>
     <span class='ocr_line' id='line_1_12' title="bbox 189 559 1080 601; baseline 0 -11"><span class='ocrx_word' id='word_1_87' title='bbox 189 566 224 590; x_wconf 93' lang='lat' dir='ltr'>ut</span> <span class='ocrx_word' id='word_1_88' title='bbox 245 562 283 590; x_wconf 89' lang='lat' dir='ltr'>ab</span> <span class='ocrx_word' id='word_1_89' title='bbox 304 560 339 590; x_wconf 63' lang='lat' dir='ltr'>ea</span> <span class='ocrx_word' id='word_1_90' title='bbox 360 566 464 601; x_wconf 87' lang='lat' dir='ltr'>petant</span> <span class='ocrx_word' id='word_1_91' title='bbox 488 560 597 601; x_wconf 83' lang='lat' dir='ltr'>agendi</span> <span class='ocrx_word' id='word_1_92' title='bbox 617 560 815 600; x_wconf 85' lang='lat' dir='ltr'>principium,</span> <span class='ocrx_word' id='word_1_93' title='bbox 834 559 865 588; x_wconf 86' lang='lat' dir='ltr'>id</span> <span class='ocrx_word' id='word_1_94' title='bbox 887 566 941 595; x_wconf 87' lang='lat' dir='ltr'>est,</span> <span class='ocrx_word' id='word_1_95' title='bbox 964 560 1080 590; x_wconf 84' lang='lat' dir='ltr'>officii?</span> 
     </span>
     <span class='ocr_line' id='line_1_13' title="bbox 190 602 1080 642; baseline -0.001 -9"><span class='ocrx_word' id='word_1_96' title='bbox 190 603 264 633; x_wconf 91' lang='lat' dir='ltr'>Non</span> <span class='ocrx_word' id='word_1_97' title='bbox 285 603 367 633; x_wconf 89' lang='lat' dir='ltr'>enim</span> <span class='ocrx_word' id='word_1_98' title='bbox 388 604 512 633; x_wconf 85' lang='lat' dir='ltr'>actionis</span> <span class='ocrx_word' id='word_1_99' title='bbox 533 609 586 632; x_wconf 87' lang='lat' dir='ltr'>aut</span> <span class='ocrx_word' id='word_1_100' title='bbox 609 603 699 632; x_wconf 87' lang='lat' dir='ltr'>officii</span> <span class='ocrx_word' id='word_1_101' title='bbox 720 603 795 632; x_wconf 88' lang='lat' dir='ltr'>ratio</span> <span class='ocrx_word' id='word_1_102' title='bbox 816 602 947 642; x_wconf 83' lang='lat' dir='ltr'>impellit</span> <span class='ocrx_word' id='word_1_103' title='bbox 971 603 1009 632; x_wconf 86' lang='lat' dir='ltr'>ad</span> <span class='ocrx_word' id='word_1_104' title='bbox 1034 614 1080 640; x_wconf 86' lang='lat' dir='ltr'>ea,</span> 
     </span>
     <span class='ocr_line' id='line_1_14' title="bbox 188 645 1082 687; baseline -0.001 -11"><span class='ocrx_word' id='word_1_105' title='bbox 188 657 257 687; x_wconf 81' lang='lat' dir='ltr'>quae</span> <span class='ocrx_word' id='word_1_106' title='bbox 273 647 440 676; x_wconf 89' lang='lat' dir='ltr'>secundum</span> <span class='ocrx_word' id='word_1_107' title='bbox 457 652 597 676; x_wconf 87' lang='lat' dir='ltr'>naturam</span> <span class='ocrx_word' id='word_1_108' title='bbox 614 651 695 682; x_wconf 86' lang='lat' dir='ltr'>sunt,</span> <span class='ocrx_word' id='word_1_109' title='bbox 712 645 900 686; x_wconf 84' lang='lat' dir='ltr'>appetenda:</span> <span class='ocrx_word' id='word_1_110' title='bbox 918 645 970 675; x_wconf 85' lang='lat' dir='ltr'>sed</span> <span class='ocrx_word' id='word_1_111' title='bbox 985 647 1023 675; x_wconf 87' lang='lat' dir='ltr'>ab</span> <span class='ocrx_word' id='word_1_112' title='bbox 1035 646 1082 676; x_wconf 86' lang='lat' dir='ltr'>his</span> 
     </span>
     <span class='ocr_line' id='line_1_15' title="bbox 189 689 749 730; baseline -0.004 -11"><span class='ocrx_word' id='word_1_113' title='bbox 189 695 219 719; x_wconf 86' lang='lat' dir='ltr'>et</span> <span class='ocrx_word' id='word_1_114' title='bbox 234 689 379 730; x_wconf 84' lang='lat' dir='ltr'>appetitio</span> <span class='ocrx_word' id='word_1_115' title='bbox 395 695 425 719; x_wconf 86' lang='lat' dir='ltr'>et</span> <span class='ocrx_word' id='word_1_116' title='bbox 440 689 516 719; x_wconf 87' lang='lat' dir='ltr'>actio</span> <span class='ocrx_word' id='word_1_117' title='bbox 532 694 749 719; x_wconf 86' lang='lat' dir='ltr'>commovetur.</span> 
     </span>
    </p>

    <p class='ocr_par' dir='ltr' id='par_1_3' title="bbox 187 731 1084 1633">
     <span class='ocr_line' id='line_1_16' title="bbox 232 731 1082 772; baseline -0.001 -10"><span class='ocrx_word' id='word_1_118' title='bbox 232 732 366 762; x_wconf 86' lang='lat' dir='ltr'><strong>XVIII.</strong></span> <span class='ocrx_word' id='word_1_119' title='bbox 390 732 485 762; x_wconf 89' lang='lat' dir='ltr'>Nunc</span> <span class='ocrx_word' id='word_1_120' title='bbox 500 732 588 762; x_wconf 88' lang='lat' dir='ltr'>venio</span> <span class='ocrx_word' id='word_1_121' title='bbox 603 731 642 761; x_wconf 86' lang='lat' dir='ltr'>ad</span> <span class='ocrx_word' id='word_1_122' title='bbox 657 731 710 760; x_wconf 79' lang='lat' dir='ltr'>issa</span> <span class='ocrx_word' id='word_1_123' title='bbox 725 737 778 761; x_wconf 88' lang='lat' dir='ltr'>tua</span> <span class='ocrx_word' id='word_1_124' title='bbox 792 731 906 769; x_wconf 85' lang='lat' dir='ltr'>brevia,</span> <span class='ocrx_word' id='word_1_125' title='bbox 926 742 995 772; x_wconf 80' lang='lat' dir='ltr'>quae</span> <span class='ocrx_word' id='word_1_126' title='bbox 1011 742 1082 762; x_wconf 90' lang='lat' dir='ltr'>con-</span> 
     </span>
     <span class='ocr_line' id='line_1_17' title="bbox 189 774 1081 815; baseline -0.003 -9"><span class='ocrx_word' id='word_1_127' title='bbox 189 775 313 806; x_wconf 87' lang='lat' dir='ltr'>sectaria</span> <span class='ocrx_word' id='word_1_128' title='bbox 337 785 400 805; x_wconf 89' lang='lat' dir='ltr'>esse</span> <span class='ocrx_word' id='word_1_129' title='bbox 422 775 562 810; x_wconf 86' lang='lat' dir='ltr'>dicebas;</span> <span class='ocrx_word' id='word_1_130' title='bbox 591 781 619 804; x_wconf 91' lang='lat' dir='ltr'>et</span> <span class='ocrx_word' id='word_1_131' title='bbox 646 774 781 814; x_wconf 82' lang='lat' dir='ltr'>primum</span> <span class='ocrx_word' id='word_1_132' title='bbox 805 774 894 811; x_wconf 85' lang='lat' dir='ltr'>illud,</span> <span class='ocrx_word' id='word_1_133' title='bbox 921 785 982 815; x_wconf 90' lang='lat' dir='ltr'>quo</span> <span class='ocrx_word' id='word_1_134' title='bbox 1005 775 1081 804; x_wconf 84' lang='lat' dir='ltr'>nihil</span> 
     </span>
     <span class='ocr_line' id='line_1_18' title="bbox 188 817 1083 859; baseline -0.001 -11"><span class='ocrx_word' id='word_1_135' title='bbox 188 823 286 859; x_wconf 87' lang='lat' dir='ltr'>potest</span> <span class='ocrx_word' id='word_1_136' title='bbox 299 828 361 848; x_wconf 84' lang='lat' dir='ltr'>esse</span> <span class='ocrx_word' id='word_1_137' title='bbox 376 818 515 848; x_wconf 84' lang='lat' dir='ltr'>brevius:</span> <span class='ocrx_word' id='word_1_138' title='bbox 534 820 556 835; x_wconf 69' lang='lat'>‘²</span> <span class='ocrx_word' id='word_1_139' title='bbox 570 818 696 847; x_wconf 89' lang='lat' dir='ltr'>Bonum</span> <span class='ocrx_word' id='word_1_140' title='bbox 712 827 813 854; x_wconf 90' lang='lat' dir='ltr'>omne,</span> <span class='ocrx_word' id='word_1_141' title='bbox 826 817 999 853; x_wconf 86' lang='lat' dir='ltr'>laudabile;</span> <span class='ocrx_word' id='word_1_142' title='bbox 1016 819 1083 847; x_wconf 89' lang='lat' dir='ltr'>lau-</span> 
     </span>
     <span class='ocr_line' id='line_1_19' title="bbox 189 860 1081 900; baseline -0.001 -9"><span class='ocrx_word' id='word_1_143' title='bbox 189 861 290 891; x_wconf 80' lang='lat' dir='ltr'>dabile</span> <span class='ocrx_word' id='word_1_144' title='bbox 302 867 405 891; x_wconf 88' lang='lat' dir='ltr'>autem</span> <span class='ocrx_word' id='word_1_145' title='bbox 420 871 521 897; x_wconf 91' lang='lat' dir='ltr'>omne,</span> <span class='ocrx_word' id='word_1_146' title='bbox 537 860 720 896; x_wconf 84' lang='lat' dir='ltr'>honestum;</span> <span class='ocrx_word' id='word_1_147' title='bbox 737 860 831 900; x_wconf 84' lang='lat' dir='ltr'>igitur</span> <span class='ocrx_word' id='word_1_148' title='bbox 846 870 937 890; x_wconf 89' lang='lat' dir='ltr'>omne</span> <span class='ocrx_word' id='word_1_149' title='bbox 952 862 1081 897; x_wconf 90' lang='lat' dir='ltr'>bonum,</span> 
     </span>
     <span class='ocr_line' id='line_1_20' title="bbox 189 903 1082 944; baseline -0.001 -10"><span class='ocrx_word' id='word_1_150' title='bbox 189 904 385 934; x_wconf 78' lang='lat' dir='ltr'>honestum-&#39;⁹</span> <span class='ocrx_word' id='word_1_151' title='bbox 423 904 453 934; x_wconf 90' lang='lat' dir='ltr'>O</span> <span class='ocrx_word' id='word_1_152' title='bbox 478 904 659 944; x_wconf 89' lang='lat' dir='ltr'>plumbeum</span> <span class='ocrx_word' id='word_1_153' title='bbox 684 903 849 943; x_wconf 84' lang='lat' dir='ltr'>pugionem</span> <span class='ocrx_word' id='word_1_154' title='bbox 862 903 870 932; x_wconf 89' lang='lat'>!</span> <span class='ocrx_word' id='word_1_155' title='bbox 897 903 976 940; x_wconf 84' lang='lat' dir='ltr'>Quis</span> <span class='ocrx_word' id='word_1_156' title='bbox 1000 903 1082 934; x_wconf 90' lang='lat' dir='ltr'>enim</span> 
     </span>
     <span class='ocr_line' id='line_1_21' title="bbox 190 946 1081 987; baseline -0.001 -10"><span class='ocrx_word' id='word_1_157' title='bbox 190 947 245 977; x_wconf 92' lang='lat' dir='ltr'>tibi</span> <span class='ocrx_word' id='word_1_158' title='bbox 262 947 339 977; x_wconf 89' lang='lat' dir='ltr'>illud</span> <span class='ocrx_word' id='word_1_159' title='bbox 354 947 490 987; x_wconf 89' lang='lat' dir='ltr'>primum</span> <span class='ocrx_word' id='word_1_160' title='bbox 503 946 677 977; x_wconf 84' lang='lat' dir='ltr'>concesserit</span> <span class='ocrx_word' id='word_1_161' title='bbox 689 948 703 976; x_wconf 71' lang='grc' dir='ltr'><strong><em>Ρ</em></strong></span> <span class='ocrx_word' id='word_1_162' title='bbox 720 957 781 987; x_wconf 87' lang='lat' dir='ltr'>quo</span> <span class='ocrx_word' id='word_1_163' title='bbox 793 946 918 986; x_wconf 89' lang='lat' dir='ltr'>quidem</span> <span class='ocrx_word' id='word_1_164' title='bbox 930 956 1081 985; x_wconf 86' lang='lat' dir='ltr'>concesso,</span> 
     </span>
     <span class='ocr_line' id='line_1_22' title="bbox 188 989 1084 1031; baseline -0.001 -11"><span class='ocrx_word' id='word_1_165' title='bbox 188 990 265 1020; x_wconf 92' lang='lat' dir='ltr'>nihil</span> <span class='ocrx_word' id='word_1_166' title='bbox 280 1001 356 1031; x_wconf 90' lang='lat' dir='ltr'>opus</span> <span class='ocrx_word' id='word_1_167' title='bbox 372 996 415 1020; x_wconf 89' lang='lat' dir='ltr'>est</span> <span class='ocrx_word' id='word_1_168' title='bbox 431 990 580 1020; x_wconf 85' lang='lat' dir='ltr'>secundo:</span> <span class='ocrx_word' id='word_1_169' title='bbox 606 990 630 1019; x_wconf 84' lang='lat' dir='ltr'>si</span> <span class='ocrx_word' id='word_1_170' title='bbox 646 989 727 1019; x_wconf 91' lang='lat' dir='ltr'>enim</span> <span class='ocrx_word' id='word_1_171' title='bbox 743 999 834 1019; x_wconf 89' lang='lat' dir='ltr'>omne</span> <span class='ocrx_word' id='word_1_172' title='bbox 849 991 965 1019; x_wconf 88' lang='lat' dir='ltr'>bonum</span> <span class='ocrx_word' id='word_1_173' title='bbox 977 989 1084 1019; x_wconf 90' lang='lat' dir='ltr'>lauda-</span> 
     </span>
     <span class='ocr_line' id='line_1_23' title="bbox 187 1032 1083 1072; baseline -0.002 -9"><span class='ocrx_word' id='word_1_174' title='bbox 187 1034 248 1063; x_wconf 88' lang='lat' dir='ltr'>bile</span> <span class='ocrx_word' id='word_1_175' title='bbox 261 1038 315 1069; x_wconf 81' lang='lat' dir='ltr'>est,</span> <span class='ocrx_word' id='word_1_176' title='bbox 333 1043 423 1063; x_wconf 91' lang='lat' dir='ltr'>omne</span> <span class='ocrx_word' id='word_1_177' title='bbox 438 1033 591 1063; x_wconf 82' lang='lat' dir='ltr'>laudabile</span> <span class='ocrx_word' id='word_1_178' title='bbox 601 1033 762 1062; x_wconf 86' lang='lat' dir='ltr'>honestum</span> <span class='ocrx_word' id='word_1_179' title='bbox 776 1038 827 1062; x_wconf 84' lang='lat' dir='ltr'>est.</span> <span class='ocrx_word' id='word_1_180' title='bbox 853 1032 932 1069; x_wconf 84' lang='lat' dir='ltr'>Quis</span> <span class='ocrx_word' id='word_1_181' title='bbox 944 1032 999 1062; x_wconf 92' lang='lat' dir='ltr'>tibi</span> <span class='ocrx_word' id='word_1_182' title='bbox 1012 1043 1083 1072; x_wconf 84' lang='lat' dir='ltr'>ergo</span> 
     </span>
     <span class='ocr_line' id='line_1_24' title="bbox 187 1075 1083 1116; baseline -0.002 -10"><span class='ocrx_word' id='word_1_183' title='bbox 187 1076 269 1106; x_wconf 89' lang='lat' dir='ltr'>istud</span> <span class='ocrx_word' id='word_1_184' title='bbox 285 1076 380 1113; x_wconf 83' lang='lat' dir='ltr'>dabit,</span> <span class='ocrx_word' id='word_1_185' title='bbox 393 1082 501 1116; x_wconf 84' lang='lat' dir='ltr'>praeter</span> <span class='ocrx_word' id='word_1_186' title='bbox 514 1075 716 1116; x_wconf 79' lang='lat' dir='ltr'>Pyrrhonem,</span> <span class='ocrx_word' id='word_1_187' title='bbox 733 1075 922 1111; x_wconf 76' lang='lat' dir='ltr'>Aristonem,</span> <span class='ocrx_word' id='word_1_188' title='bbox 939 1085 1083 1105; x_wconf 86' lang='lat' dir='ltr'>eorumve</span> 
     </span>
     <span class='ocr_line' id='line_1_25' title="bbox 189 1117 1083 1159; baseline -0.001 -10"><span class='ocrx_word' id='word_1_189' title='bbox 189 1119 327 1149; x_wconf 82' lang='lat' dir='ltr'>similes?</span> <span class='ocrx_word' id='word_1_190' title='bbox 351 1130 427 1159; x_wconf 86' lang='lat' dir='ltr'>quos</span> <span class='ocrx_word' id='word_1_191' title='bbox 453 1124 487 1149; x_wconf 90' lang='lat' dir='ltr'>tu</span> <span class='ocrx_word' id='word_1_192' title='bbox 514 1129 575 1149; x_wconf 90' lang='lat' dir='ltr'>non</span> <span class='ocrx_word' id='word_1_193' title='bbox 602 1120 720 1159; x_wconf 85' lang='lat' dir='ltr'>probas.</span> <span class='ocrx_word' id='word_1_194' title='bbox 758 1117 949 1156; x_wconf 85' lang='lat' dir='ltr'>Aristoteles,</span> <span class='ocrx_word' id='word_1_195' title='bbox 977 1118 1083 1148; x_wconf 90' lang='lat' dir='ltr'>Xeno-</span> 
     </span>
     <span class='ocr_line' id='line_1_26' title="bbox 188 1161 1082 1202; baseline -0.002 -10"><span class='ocrx_word' id='word_1_196' title='bbox 188 1169 293 1199; x_wconf 83' lang='lat' dir='ltr'>crateS,</span> <span class='ocrx_word' id='word_1_197' title='bbox 310 1168 373 1192; x_wconf 89' lang='lat' dir='ltr'>tota</span> <span class='ocrx_word' id='word_1_198' title='bbox 388 1162 441 1191; x_wconf 82' lang='lat' dir='ltr'>ina</span> <span class='ocrx_word' id='word_1_199' title='bbox 452 1162 579 1199; x_wconf 85' lang='lat' dir='ltr'>familia,</span> <span class='ocrx_word' id='word_1_200' title='bbox 596 1172 656 1191; x_wconf 92' lang='lat' dir='ltr'>non</span> <span class='ocrx_word' id='word_1_201' title='bbox 673 1161 778 1196; x_wconf 85' lang='lat' dir='ltr'>dabit;</span> <span class='ocrx_word' id='word_1_202' title='bbox 802 1161 916 1202; x_wconf 86' lang='lat' dir='ltr'>quippe</span> <span class='ocrx_word' id='word_1_203' title='bbox 932 1161 986 1201; x_wconf 90' lang='lat' dir='ltr'>qui</span> <span class='ocrx_word' id='word_1_204' title='bbox 1002 1162 1082 1191; x_wconf 84' lang='lat' dir='ltr'>vale-</span> 
     </span>
     <span class='ocr_line' id='line_1_27' title="bbox 189 1204 1083 1244; baseline 0 -10"><span class='ocrx_word' id='word_1_205' title='bbox 189 1205 338 1241; x_wconf 80' lang='lat' dir='ltr'>tudinem,</span> <span class='ocrx_word' id='word_1_206' title='bbox 361 1205 448 1241; x_wconf 86' lang='lat' dir='ltr'>vires,</span> <span class='ocrx_word' id='word_1_207' title='bbox 471 1205 600 1242; x_wconf 87' lang='lat' dir='ltr'>divitias,</span> <span class='ocrx_word' id='word_1_208' title='bbox 622 1205 763 1244; x_wconf 86' lang='lat' dir='ltr'>gloriam,</span> <span class='ocrx_word' id='word_1_209' title='bbox 785 1205 883 1234; x_wconf 87' lang='lat' dir='ltr'>multa</span> <span class='ocrx_word' id='word_1_210' title='bbox 907 1204 978 1241; x_wconf 80' lang='lat' dir='ltr'>alia,</span> <span class='ocrx_word' id='word_1_211' title='bbox 1002 1206 1083 1234; x_wconf 89' lang='lat' dir='ltr'>bona</span> 
     </span>
     <span class='ocr_line' id='line_1_28' title="bbox 189 1246 1083 1288; baseline -0.002 -10"><span class='ocrx_word' id='word_1_212' title='bbox 189 1258 252 1278; x_wconf 90' lang='lat' dir='ltr'>esse</span> <span class='ocrx_word' id='word_1_213' title='bbox 267 1248 379 1285; x_wconf 78' lang='lat' dir='ltr'>dicant,</span> <span class='ocrx_word' id='word_1_214' title='bbox 396 1248 562 1278; x_wconf 87' lang='lat' dir='ltr'>laudabilia</span> <span class='ocrx_word' id='word_1_215' title='bbox 577 1258 637 1277; x_wconf 92' lang='lat' dir='ltr'>non</span> <span class='ocrx_word' id='word_1_216' title='bbox 650 1247 760 1277; x_wconf 88' lang='lat' dir='ltr'>dicant.</span> <span class='ocrx_word' id='word_1_217' title='bbox 794 1246 837 1277; x_wconf 88' lang='lat' dir='ltr'>Et</span> <span class='ocrx_word' id='word_1_218' title='bbox 851 1247 883 1276; x_wconf 92' lang='lat' dir='ltr'>hi</span> <span class='ocrx_word' id='word_1_219' title='bbox 899 1247 1024 1288; x_wconf 89' lang='lat' dir='ltr'>quidem</span> <span class='ocrx_word' id='word_1_220' title='bbox 1039 1247 1083 1277; x_wconf 85' lang='lat' dir='ltr'>ita</span> 
     </span>
     <span class='ocr_line' id='line_1_29' title="bbox 188 1290 1083 1330; baseline -0.002 -9"><span class='ocrx_word' id='word_1_221' title='bbox 188 1301 250 1322; x_wconf 92' lang='lat' dir='ltr'>non</span> <span class='ocrx_word' id='word_1_222' title='bbox 262 1292 326 1321; x_wconf 61' lang='lat' dir='ltr'>sola</span> <span class='ocrx_word' id='word_1_223' title='bbox 342 1291 452 1321; x_wconf 89' lang='lat' dir='ltr'>virtute</span> <span class='ocrx_word' id='word_1_224' title='bbox 468 1291 560 1321; x_wconf 84' lang='lat' dir='ltr'>finem</span> <span class='ocrx_word' id='word_1_225' title='bbox 575 1290 727 1321; x_wconf 88' lang='lat' dir='ltr'>bonorum</span> <span class='ocrx_word' id='word_1_226' title='bbox 742 1290 887 1320; x_wconf 85' lang='lat' dir='ltr'>contineri</span> <span class='ocrx_word' id='word_1_227' title='bbox 902 1296 1023 1330; x_wconf 86' lang='lat' dir='ltr'>putant,</span> <span class='ocrx_word' id='word_1_228' title='bbox 1047 1297 1083 1320; x_wconf 84' lang='lat' dir='ltr'>ut</span> 
     </span>
     <span class='ocr_line' id='line_1_30' title="bbox 188 1333 1082 1374; baseline -0.002 -10"><span class='ocrx_word' id='word_1_229' title='bbox 188 1336 278 1365; x_wconf 87' lang='lat' dir='ltr'>rebus</span> <span class='ocrx_word' id='word_1_230' title='bbox 299 1340 402 1364; x_wconf 86' lang='lat' dir='ltr'>tamen</span> <span class='ocrx_word' id='word_1_231' title='bbox 427 1334 569 1364; x_wconf 83' lang='lat' dir='ltr'>omnibus</span> <span class='ocrx_word' id='word_1_232' title='bbox 593 1334 737 1364; x_wconf 87' lang='lat' dir='ltr'>virtutem</span> <span class='ocrx_word' id='word_1_233' title='bbox 762 1339 956 1374; x_wconf 85' lang='lat' dir='ltr'>anteponant.</span> <span class='ocrx_word' id='word_1_234' title='bbox 995 1333 1082 1371; x_wconf 83' lang='lat' dir='ltr'>Quid</span> 
     </span>
     <span class='ocr_line' id='line_1_31' title="bbox 187 1377 1082 1417; baseline -0.002 -10"><span class='ocrx_word' id='word_1_235' title='bbox 187 1387 288 1408; x_wconf 89' lang='lat' dir='ltr'>censes</span> <span class='ocrx_word' id='word_1_236' title='bbox 304 1387 352 1407; x_wconf 89' lang='lat' dir='ltr'>eos</span> <span class='ocrx_word' id='word_1_237' title='bbox 365 1387 427 1407; x_wconf 91' lang='lat' dir='ltr'>esse</span> <span class='ocrx_word' id='word_1_238' title='bbox 438 1377 580 1415; x_wconf 89' lang='lat' dir='ltr'>facturos,</span> <span class='ocrx_word' id='word_1_239' title='bbox 593 1377 647 1417; x_wconf 86' lang='lat' dir='ltr'>qui</span> <span class='ocrx_word' id='word_1_240' title='bbox 659 1377 784 1406; x_wconf 89' lang='lat' dir='ltr'>omnino</span> <span class='ocrx_word' id='word_1_241' title='bbox 796 1377 939 1406; x_wconf 84' lang='lat' dir='ltr'>virtutem</span> <span class='ocrx_word' id='word_1_242' title='bbox 954 1387 972 1406; x_wconf 91' lang='lat' dir='ltr'>a</span> <span class='ocrx_word' id='word_1_243' title='bbox 987 1378 1082 1406; x_wconf 91' lang='lat' dir='ltr'>bono-</span> 
     </span>
     <span class='ocr_line' id='line_1_32' title="bbox 189 1420 1081 1460; baseline -0.002 -10"><span class='ocrx_word' id='word_1_244' title='bbox 189 1431 259 1450; x_wconf 90' lang='lat' dir='ltr'>rum</span> <span class='ocrx_word' id='word_1_245' title='bbox 283 1420 343 1450; x_wconf 92' lang='lat' dir='ltr'>fine</span> <span class='ocrx_word' id='word_1_246' title='bbox 368 1426 611 1460; x_wconf 83' lang='lat' dir='ltr'>segregaverunt,</span> <span class='ocrx_word' id='word_1_247' title='bbox 634 1420 817 1460; x_wconf 85' lang='lat' dir='ltr'>Epicurum,</span> <span class='ocrx_word' id='word_1_248' title='bbox 840 1420 1081 1460; x_wconf 89' lang='lat' dir='ltr'>Hieronymum,</span> 
     </span>
     <span class='ocr_line' id='line_1_33' title="bbox 187 1463 1082 1504; baseline -0.001 -10"><span class='ocrx_word' id='word_1_249' title='bbox 187 1463 256 1494; x_wconf 82' lang='lat' dir='ltr'>illos</span> <span class='ocrx_word' id='word_1_250' title='bbox 272 1463 375 1499; x_wconf 84' lang='lat' dir='ltr'>etiam,</span> <span class='ocrx_word' id='word_1_251' title='bbox 398 1463 421 1493; x_wconf 93' lang='lat' dir='ltr'>si</span> <span class='ocrx_word' id='word_1_252' title='bbox 438 1463 491 1504; x_wconf 88' lang='lat' dir='ltr'>qui</span> <span class='ocrx_word' id='word_1_253' title='bbox 510 1463 721 1494; x_wconf 87' lang='lat' dir='ltr'>Carneadeum</span> <span class='ocrx_word' id='word_1_254' title='bbox 737 1463 829 1493; x_wconf 89' lang='lat' dir='ltr'>finem</span> <span class='ocrx_word' id='word_1_255' title='bbox 851 1463 928 1492; x_wconf 85' lang='lat' dir='ltr'>tueri</span> <span class='ocrx_word' id='word_1_256' title='bbox 949 1463 1056 1492; x_wconf 88' lang='lat' dir='ltr'>volunt</span> <span class='ocrx_word' id='word_1_257' title='bbox 1067 1464 1082 1493; x_wconf 83' lang='lat'>?</span> 
     </span>
     <span class='ocr_line' id='line_1_34' title="bbox 188 1505 1082 1546; baseline -0.002 -10"><span class='ocrx_word' id='word_1_258' title='bbox 188 1506 211 1536; x_wconf 86' lang='lat' dir='ltr'>J</span> <span class='ocrx_word' id='word_1_259' title='bbox 214 1517 264 1536; x_wconf 88' lang='lat' dir='ltr'>am</span> <span class='ocrx_word' id='word_1_260' title='bbox 279 1512 333 1536; x_wconf 87' lang='lat' dir='ltr'>aut</span> <span class='ocrx_word' id='word_1_261' title='bbox 349 1506 501 1546; x_wconf 76' lang='lat' dir='ltr'>Callipho,</span> <span class='ocrx_word' id='word_1_262' title='bbox 519 1512 572 1537; x_wconf 89' lang='lat' dir='ltr'>aut</span> <span class='ocrx_word' id='word_1_263' title='bbox 588 1506 752 1543; x_wconf 87' lang='lat' dir='ltr'>Diodorus,</span> <span class='ocrx_word' id='word_1_264' title='bbox 770 1505 923 1546; x_wconf 85' lang='lat' dir='ltr'>quomodo</span> <span class='ocrx_word' id='word_1_265' title='bbox 938 1511 1082 1546; x_wconf 87' lang='lat' dir='ltr'>poterunt</span> 
     </span>
     <span class='ocr_line' id='line_1_35' title="bbox 188 1548 1082 1590; baseline -0.001 -11"><span class='ocrx_word' id='word_1_266' title='bbox 188 1549 244 1579; x_wconf 88' lang='lat' dir='ltr'>tibi</span> <span class='ocrx_word' id='word_1_267' title='bbox 259 1549 340 1580; x_wconf 86' lang='lat' dir='ltr'>istud</span> <span class='ocrx_word' id='word_1_268' title='bbox 356 1549 526 1587; x_wconf 86' lang='lat' dir='ltr'>concedere,</span> <span class='ocrx_word' id='word_1_269' title='bbox 544 1550 597 1590; x_wconf 91' lang='lat' dir='ltr'>qui</span> <span class='ocrx_word' id='word_1_270' title='bbox 612 1550 651 1579; x_wconf 88' lang='lat' dir='ltr'>ad</span> <span class='ocrx_word' id='word_1_271' title='bbox 667 1549 855 1579; x_wconf 87' lang='lat' dir='ltr'>honestatem</span> <span class='ocrx_word' id='word_1_272' title='bbox 871 1549 955 1579; x_wconf 88' lang='lat' dir='ltr'>aliud</span> <span class='ocrx_word' id='word_1_273' title='bbox 970 1548 1082 1588; x_wconf 87' lang='lat' dir='ltr'>adjun-</span> 
     </span>
     <span class='ocr_line' id='line_1_36' title="bbox 189 1592 823 1633; baseline 0.002 -11"><span class='ocrx_word' id='word_1_274' title='bbox 189 1597 274 1633; x_wconf 88' lang='lat' dir='ltr'>gant,</span> <span class='ocrx_word' id='word_1_275' title='bbox 292 1592 375 1633; x_wconf 85' lang='lat' dir='ltr'>quod</span> <span class='ocrx_word' id='word_1_276' title='bbox 387 1603 424 1623; x_wconf 85' lang='lat' dir='ltr'>ex</span> <span class='ocrx_word' id='word_1_277' title='bbox 439 1593 545 1622; x_wconf 88' lang='lat' dir='ltr'>eodem</span> <span class='ocrx_word' id='word_1_278' title='bbox 560 1602 669 1632; x_wconf 84' lang='lat' dir='ltr'>genere</span> <span class='ocrx_word' id='word_1_279' title='bbox 684 1603 745 1622; x_wconf 92' lang='lat' dir='ltr'>non</span> <span class='ocrx_word' id='word_1_280' title='bbox 761 1592 823 1623; x_wconf 83' lang='lat' dir='ltr'>sit?</span> 
     </span>
    </p>

    <p class='ocr_par' dir='ltr' id='par_1_4' title="bbox 187 1634 1082 1763">
     <span class='ocr_line' id='line_1_37' title="bbox 234 1634 1082 1676; baseline -0.001 -11"><span class='ocrx_word' id='word_1_281' title='bbox 234 1636 338 1666; x_wconf 88' lang='lat' dir='ltr'>Placet</span> <span class='ocrx_word' id='word_1_282' title='bbox 349 1635 441 1676; x_wconf 81' lang='lat' dir='ltr'>igitur</span> <span class='ocrx_word' id='word_1_283' title='bbox 457 1636 522 1673; x_wconf 91' lang='lat' dir='ltr'>tibi,</span> <span class='ocrx_word' id='word_1_284' title='bbox 541 1636 628 1673; x_wconf 81' lang='lat' dir='ltr'>Cato,</span> <span class='ocrx_word' id='word_1_285' title='bbox 642 1646 712 1665; x_wconf 88' lang='lat' dir='ltr'>cum</span> <span class='ocrx_word' id='word_1_286' title='bbox 725 1646 771 1665; x_wconf 89' lang='lat' dir='ltr'>res</span> <span class='ocrx_word' id='word_1_287' title='bbox 784 1634 925 1665; x_wconf 88' lang='lat' dir='ltr'>sumseris</span> <span class='ocrx_word' id='word_1_288' title='bbox 938 1644 998 1664; x_wconf 91' lang='lat' dir='ltr'>non</span> <span class='ocrx_word' id='word_1_289' title='bbox 1011 1644 1082 1665; x_wconf 86' lang='lat' dir='ltr'>con-</span> 
     </span>
     <span class='ocr_line' id='line_1_38' title="bbox 189 1678 1080 1719; baseline -0.001 -11"><span class='ocrx_word' id='word_1_290' title='bbox 189 1688 295 1715; x_wconf 84' lang='lat' dir='ltr'>cessas,</span> <span class='ocrx_word' id='word_1_291' title='bbox 312 1689 349 1708; x_wconf 80' lang='lat' dir='ltr'>ex</span> <span class='ocrx_word' id='word_1_292' title='bbox 365 1678 425 1708; x_wconf 88' lang='lat' dir='ltr'>illis</span> <span class='ocrx_word' id='word_1_293' title='bbox 441 1678 566 1715; x_wconf 83' lang='lat' dir='ltr'>efficere,</span> <span class='ocrx_word' id='word_1_294' title='bbox 584 1678 666 1719; x_wconf 88' lang='lat' dir='ltr'>quod</span> <span class='ocrx_word' id='word_1_295' title='bbox 683 1679 756 1709; x_wconf 88' lang='lat' dir='ltr'>velis</span> <span class='ocrx_word' id='word_1_296' title='bbox 769 1680 783 1709; x_wconf 76' lang='grc' dir='ltr'><em>Ρ</em></span> <span class='ocrx_word' id='word_1_297' title='bbox 807 1679 828 1708; x_wconf 90' lang='lat' dir='ltr'>.J</span> <span class='ocrx_word' id='word_1_298' title='bbox 832 1689 882 1708; x_wconf 85' lang='lat' dir='ltr'>am</span> <span class='ocrx_word' id='word_1_299' title='bbox 898 1678 949 1708; x_wconf 91' lang='lat' dir='ltr'>ille</span> <span class='ocrx_word' id='word_1_300' title='bbox 965 1678 1080 1715; x_wconf 89' lang='lat' dir='ltr'>sorites,</span> 
     </span>
     <span class='ocr_line' id='line_1_39' title="bbox 187 1720 1082 1763; baseline -0.002 -11"><span class='ocrx_word' id='word_1_301' title='bbox 187 1731 249 1761; x_wconf 91' lang='lat' dir='ltr'>quo</span> <span class='ocrx_word' id='word_1_302' title='bbox 260 1721 334 1752; x_wconf 88' lang='lat' dir='ltr'>nihil</span> <span class='ocrx_word' id='word_1_303' title='bbox 349 1721 461 1762; x_wconf 86' lang='lat' dir='ltr'>putatis</span> <span class='ocrx_word' id='word_1_304' title='bbox 476 1732 538 1754; x_wconf 82' lang='lat' dir='ltr'>esse</span> <span class='ocrx_word' id='word_1_305' title='bbox 556 1721 738 1763; x_wconf 85' lang='lat' dir='ltr'>[vitiosius,]</span> <span class='ocrx_word' id='word_1_306' title='bbox 755 1721 849 1761; x_wconf 84' lang='lat' dir='ltr'>Quod</span> <span class='ocrx_word' id='word_1_307' title='bbox 865 1722 982 1753; x_wconf 88' lang='lat' dir='ltr'>bonum</span> <span class='ocrx_word' id='word_1_308' title='bbox 992 1720 1040 1762; x_wconf 83' lang='lat' dir='ltr'>sit,</span> <span class='ocrx_word' id='word_1_309' title='bbox 1051 1720 1082 1751; x_wconf 83' lang='lat' dir='ltr'>id</span> 
     </span>
    </p>
   </div>
   <div class='ocr_carea' id='block_1_3' title="bbox 1193 0 1226 757">
    <p class='ocr_par' dir='ltr' id='par_1_5' title="bbox 1193 0 1226 757">
     <span class='ocr_line' id='line_1_40' title="bbox 1193 0 1226 757; baseline 0 1178"><span class='ocrx_word' id='word_1_310' title='bbox 1193 0 1226 757; x_wconf 95' lang='lat' dir='ltr'> </span> 
     </span>
    </p>
   </div>
   <div class='ocr_carea' id='block_1_4' title="bbox 1209 506 1226 1346">
    <p class='ocr_par' dir='ltr' id='par_1_6' title="bbox 1209 506 1226 1346">
     <span class='ocr_line' id='line_1_41' title="bbox 1209 506 1226 1346; baseline 0 0"><span class='ocrx_word' id='word_1_311' title='bbox 1209 506 1226 1346; x_wconf 95' lang='lat' dir='ltr'> </span> 
     </span>
    </p>
   </div>
  </div>
 </body>
</html>
