1180 1935
165 81 228 113 404
272 79 334 111 DE
357 79 465 111 NAT.
482 79 618 113 DEOR.
635 80 714 112 Lm.
726 80 792 112 111.
804 82 886 113 CAr.
900 83 930 114 6.

161 166 324 198 stultorum
337 166 476 207 judicari,
493 167 576 199 vobis
590 167 767 209 praesertim,
777 168 831 209 qui
845 168 913 199 illos
927 168 1048 201 insanos

163 220 224 240 esse
239 209 343 240 dicatis
355 212 369 240 Ρ

206 252 247 283 V.
269 253 317 282 At
342 252 423 282 enim
444 259 604 294 praesentes
629 253 766 284 videmus
790 254 884 293 Deos,
907 259 942 285 ut
964 255 1046 296 apud

160 295 320 335 Regillum
344 296 530 333 Postumius,
556 296 588 326 in
614 297 730 327 Salaria
756 297 922 333 Vatienus3
947 299 1046 328 nescio

145 356 147 358 v
161 338 235 379 quid
251 338 341 368 etiam
357 338 393 368 de
405 339 572 369 Locrorum
587 340 668 379 apud
680 340 806 379 Sagram
821 341 933 381 proelio.
958 341 1045 379 Quos

159 381 253 421 igitur
267 387 300 411 tu
316 381 506 422 Tyndaridas
522 383 705 423 appellabas,
722 382 753 411 id
768 388 821 420 est,
838 383 975 413 homines
990 383 1045 413 ho-

159 424 242 454 mine
256 429 352 461 natos,
369 430 398 454 et
412 434 487 464 quos
504 424 667 462 Homerus,
681 425 734 465 qui
749 435 848 455 recens
867 427 906 456 ab
921 426 1043 456 illorum

158 472 245 497 aetate
259 466 328 503 fuit,
346 468 477 507 sepultos
501 478 563 498 esse
583 467 655 497 dicit
677 468 905 505 Lacedaemone,
928 479 976 499 eos
996 474 1042 507 tu,

157 509 316 539 cantheriis
330 509 417 548 albis,
434 510 525 540 nullis
537 510 701 547 calonibus,
713 511 832 540 obviam
846 511 976 541 Vatieno
991 522 1042 542 ve-

157 552 234 582 nisse
250 552 414 590 existimas,
431 558 460 582 et
475 553 627 583 victoriam
642 554 747 594 populi
763 554 896 584 Romani
912 554 1043 584 Vatieno

156 596 267 636 potius,
280 595 396 625 homini
408 596 528 634 rustico,
540 607 633 637 quam
643 596 691 626 M.
706 597 825 635 Catoni,
837 597 890 637 qui
900 602 966 627 tum
979 602 1042 627 erat

155 638 304 679 princeps,
322 638 529 669 nuntiavisse?
553 639 636 679 Ergo
652 645 681 669 et
699 639 777 669 illud
797 640 829 669 in
849 639 940 675 silice,
957 639 1040 680 quod

155 681 244 711 hodie
264 686 388 721 apparet
408 681 490 722 apud
511 682 680 722 Regillum,
703 688 860 722 tamquam
878 682 1039 722 vestigium

154 724 289 764 ungulae,
315 724 446 754 Castoris
472 725 542 764 equi
572 725 665 755 credis
695 735 756 754 esse
767 727 781 755 Ρ
805 725 918 755 Nonne
943 725 1040 756 mavis

154 766 231 796 illud
247 766 374 804 credere,
391 766 473 808 quod
492 768 612 807 probari
627 773 734 808 potest,
751 768 868 798 animos
881 768 1039 808 praeelaro-

153 819 223 840 rum
238 810 410 847 hominum,
427 810 530 850 quales
545 810 594 840 isti
609 810 795 851 Tyndaridae
810 810 944 847 fuerunt,
961 810 1038 840 divi-

152 861 206 882 nos
232 863 293 883 esse
319 858 347 882 et
373 858 508 891 aeternos,
533 864 626 893 quam
648 864 708 890 eos,
725 853 778 894 qui
801 853 892 883 semel
914 854 1037 883 cremati

152 901 259 933 essent,
279 895 423 936 equitare,
445 901 474 925 et
494 896 525 925 in
545 896 608 926 acie
626 906 762 936 pugnare
779 896 931 936 potuisse?
954 896 1034 935 Aut,

151 938 176 967 si
192 938 248 968 hoc
262 938 326 968 fieri
342 938 472 978 potuisse
492 939 576 976 dicis,
596 939 701 970 doceas
721 944 848 980 oportet,
870 938 1033 980 quomodo,
1073 952 1077 958 ‘

151 990 206 1011 nec
221 981 345 1011 fabellas
360 981 454 1011 aniles
468 982 609 1022 proferas.

193 1024 278 1054 Turn
295 1024 442 1062 Lucilius,
459 1025 512 1054 An
528 1025 594 1063 tibi,
610 1024 720 1066 inquit,
735 1024 854 1055 fabellae
869 1024 1008 1055 videntur
1018 1026 1032 1055 Ρ

150 1067 263 1097 Nonne
278 1068 315 1097 ab
331 1068 372 1097 A.
390 1067 547 1097 Postumio
569 1068 664 1098 aedem
680 1068 797 1098 Castori
817 1073 845 1097 et
861 1068 980 1097 Polluci
1000 1067 1031 1097 in

148 1110 213 1140 foro
233 1110 420 1146 dedicatam;
444 1120 544 1140 nonne
567 1111 871 1140 senatos-consultum
891 1110 929 1140 de
945 1110 1034 1141 Vati-

148 1162 205 1182 eno
220 1153 323 1183 vides?
348 1153 431 1182 Nam
447 1153 484 1183 de
493 1153 599 1193 Sagra,
614 1154 789 1183 Graecorum
799 1153 890 1183 etiam
906 1158 949 1183 est
964 1153 1032 1184 vul-

148 1206 219 1235 gare
238 1196 450 1236 proverbium;
474 1196 538 1236 qui,
561 1207 629 1237 quae
649 1196 812 1233 affirmant,
829 1196 952 1226 certiora
969 1206 1031 1226 esse

147 1238 263 1276 dicunt,
292 1249 384 1279 quam
408 1239 470 1276 illa,
493 1250 562 1279 quae
583 1239 665 1279 apud
691 1241 827 1279 Sagram.
861 1238 920 1268 His
938 1239 1031 1279 igitur

147 1282 318 1312 auctoribus
338 1291 437 1311 nonne
457 1281 546 1312 debes
569 1282 709 1312 moveri?
733 1282 818 1311 Tum
841 1281 941 1319 Cotta,
962 1282 1030 1311 Ru-

146 1324 292 1361 moribus,
308 1324 418 1365 inquit,
435 1335 554 1354 mecum
570 1335 699 1365 pugnas,
715 1325 832 1361 Balbe3
857 1334 911 1364 ego
927 1330 1028 1355 autem

146 1376 165 1396 a
179 1372 208 1398 te
233 1367 361 1398 rationes
376 1367 504 1408 requiro.
523 1368 540 1383 ³*
559 1367 575 1383 ¹¹*
593 1367 610 1384 '⁸‘

402 1428 523 1458 Desunt
539 1429 694 1458 nonnulla.

185 1497 246 1528 VI.
270 1498 456 1539 Sequuntur,
473 1508 541 1538 quae
556 1498 658 1528 futura
673 1504 751 1528 sunt.
785 1497 930 1538 Effugere
945 1498 1025 1530 enim

144 1550 234 1571 nemo
249 1540 280 1570 id
300 1546 407 1581 potest,
423 1541 505 1581 quod
524 1541 663 1570 futurum
679 1547 730 1571 est.
765 1541 851 1581 Saepe
870 1547 971 1570 autem
987 1551 1026 1571 ne

143 1584 218 1613 utile
233 1584 356 1624 quidem
378 1589 420 1614 est
441 1584 523 1620 scire,
545 1584 619 1624 quid
639 1584 777 1614 futurum
799 1584 844 1613 sit.
873 1584 1025 1614 Miserum

141 1632 185 1656 est
200 1626 293 1665 enim,
310 1627 385 1656 nihil
400 1626 604 1667 proficientem
620 1627 701 1667 angi,
718 1637 772 1657 nec
787 1627 896 1656 habere
911 1636 949 1656 ne
961 1627 1024 1667 spei

141 1669 265 1709 quidem
291 1675 460 1699 extremum
488 1675 517 1699 et
542 1675 643 1700 tamen
670 1679 830 1700 commune
859 1669 1021 1706 solatium;

138 1712 304 1754 praesertim
326 1723 396 1744 cum
419 1723 470 1744 vos
492 1713 583 1744 iidem
605 1713 667 1744 fato
688 1712 752 1744 fieri
772 1712 877 1743 dicatis
898 1712 1021 1750 omnia;
