1226 1935
264 102 389 135 TUSC.
403 102 576 142 QUAEST.
588 101 667 133 Lm.
680 102 745 134 111.
759 102 842 134 CAP-
853 103 906 133 30.
962 104 1021 134 211

122 194 216 220 antea
230 189 268 220 de
282 190 390 230 Ajacis
404 195 501 220 morte
516 189 688 220 consolatus
708 195 795 227 esset,
811 189 848 227 is,
870 199 942 220 cum
962 201 1018 220 au-

123 231 218 262 disset
226 232 264 263 de
276 244 341 270 suo,
353 233 465 264 fractus
478 238 531 264 est.
555 232 606 263 De
615 233 703 272 cujus
715 233 904 263 commutata
915 239 1017 264 mente

122 274 166 306 sic
181 275 292 306 dicitur
304 287 313 307 ε

167 335 191 351 “
208 334 275 365 Nec
290 345 359 365 vero
374 334 459 365 tanta
473 334 618 375 praeditus
633 334 781 376 sapientia

164 376 340 418 Quisquam
366 384 420 416 est,
438 378 503 419 qui,
520 378 650 408 aliorum
675 388 844 408 aerumnam
865 377 953 408 dictis
968 378 1012 407 al-

294 421 408 458 levans,

166 463 239 493 Non
255 463 348 502 idem,
366 474 436 494 cum
451 464 574 494 fortuna
588 470 707 495 mutata
721 464 872 505 impetum

165 506 341 545 Convertat,
359 507 443 538 clade
458 507 559 537 subita
574 507 731 548 frangatur
746 507 810 545 sua,

165 549 210 580 Ut
225 549 278 580 illa
292 550 331 580 ad
346 550 420 581 alios
435 550 515 580 dicta¹
530 556 559 580 et
574 556 723 592 praecepta
738 550 911 581 excidantst'

121 620 199 650 Haec
225 630 295 650 cum
321 621 489 662 disputant,
517 620 574 651 hoc
596 621 719 651 student
741 621 868 659 efficere,
893 626 1010 656 naturae

116 663 222 693 obsisti
247 664 333 694 nullo
356 664 448 694 modo
470 674 566 705 posse.
600 664 628 694 Ii
648 670 750 695 tamen
771 665 915 702 fatentur,
939 675 1009 705 gra-

118 707 213 737 viores
229 707 421 748 aegritudines
437 707 558 748 suscipi,
575 717 669 748 quam
684 714 793 743 natura
808 714 904 748 cogat
929 708 1009 745 Quae

114 756 160 780 est
175 749 268 790 igitur
283 751 426 788 amentia,
442 757 478 781 ut
497 761 552 781 nos
572 761 694 792 quoque
714 751 795 781 idem
816 752 855 781 ab
876 750 943 781 aliis
963 761 1010 781 re-

116 792 275 833 quiramus
288 795 302 823 ,⁹

159 835 219 867 Sed
230 836 332 876 plures
343 842 414 867 sunt
424 847 521 867 causae
529 837 712 878 suscipiendi
722 836 851 867 doloris:
869 837 1005 878 primum

116 879 170 909 ina
191 879 293 920 opinio
313 880 399 916 mali,
416 890 478 921 quo
493 880 557 910 viso
576 886 668 921 atque
688 890 841 920 persuaso,
858 880 1006 921 aegritudo

115 922 286 963 insequitur
301 923 474 954 necessario.
498 922 619 953 Deinde
634 923 725 953 etiam
740 930 863 963 gratum
878 924 1006 954 mortuis

115 976 148 996 se
163 965 271 1003 facere,
288 966 313 996 si
327 966 458 1006 graviter
473 976 522 996 eos
537 966 673 1006 lugeant,
689 967 883 996 arbitrantur.
907 966 1005 997 Acce-

115 1008 160 1038 dit
175 1009 346 1049 superstitio
361 1009 518 1040 muliebris
533 1009 674 1050 quaedam
687 1020 694 1038 :
719 1009 895 1040 existimant
909 1009 1003 1049 enim,

116 1051 186 1082 Diis
201 1051 426 1082 immortalibus
440 1063 471 1083 se
486 1052 604 1083 facilius
619 1052 832 1092 satisfacturos,
846 1052 881 1090 si,
899 1063 1004 1083 eorum

114 1094 206 1135 plaga
223 1095 364 1143 perculsi,
385 1095 510 1126 afflictos
530 1106 562 1126 se
583 1102 612 1126 et
632 1101 738 1126 stratos
759 1106 821 1126 esse
841 1096 1003 1127 fateantur.

114 1138 186 1175 Sed,
210 1137 274 1168 haec
297 1138 375 1168 inter
399 1149 430 1169 se
453 1149 547 1180 quam
571 1145 752 1179 repugnent,
778 1139 915 1180 plerique
940 1150 1002 1170 non

113 1181 225 1212 vident.
250 1181 394 1216 Laudant
409 1182 491 1212 enim
507 1192 566 1220 eos,
580 1182 633 1222 qui
649 1192 738 1230 aequo
749 1182 854 1212 animo
869 1183 1003 1213 morian-

111 1230 184 1260 tur;
209 1224 263 1266 qui
285 1225 406 1255 alterius
428 1232 558 1256 mortem
581 1235 669 1266 aequo
690 1225 793 1255 animo
818 1225 927 1263 ferant,
953 1237 1003 1257 eos

111 1274 222 1309 putant
244 1268 475 1309 vituperandos:
500 1268 588 1309 quasi
609 1268 674 1302 fieri
694 1268 758 1299 ullo
781 1268 872 1299 modo
896 1270 1001 1310 possit,

111 1311 209 1352 (quod
224 1311 256 1341 in
268 1311 418 1343 amatorio
439 1322 576 1342 sermone
595 1311 654 1343 dici
675 1312 762 1349 solet)
784 1317 818 1341 ut
838 1312 1003 1353 quisquam

112 1355 182 1395 plus
197 1354 327 1384 alterum
342 1354 460 1395 diligat,
477 1365 571 1395 quam
586 1365 627 1386 se.
652 1354 838 1385 Praeclarum
852 1355 930 1386 illud
947 1362 1002 1395 est,

109 1403 150 1435 et,
168 1397 192 1428 si
208 1397 329 1438 quaeris,
347 1404 463 1428 rectum
484 1409 606 1439 quoque
627 1404 657 1428 et
674 1408 792 1437 verum,
809 1404 845 1428 ut
864 1409 925 1437 eos,
947 1401 1002 1440 qui

109 1440 196 1471 nobis
220 1440 366 1471 carissimi
389 1451 451 1471 esse
473 1441 612 1479 debeant,
636 1451 722 1482 aeque
745 1451 780 1471 ac
803 1442 1003 1484 nosmetipsos

109 1494 268 1514 amemus:
293 1489 328 1514 ut
343 1494 414 1515 vero
428 1484 509 1525 plus,
526 1484 591 1515 fieri
606 1484 692 1514 nullo
707 1490 796 1526 pacto
810 1492 917 1525 potest.
952 1487 1003 1517 Ne

110 1527 280 1568 optandum
300 1527 425 1568 quidem
446 1534 490 1558 est
512 1528 545 1558 in
566 1526 709 1565 amicitia,
732 1534 767 1558 ut
789 1537 840 1558 me
859 1529 912 1559 ille
933 1531 1003 1570 plus

109 1580 205 1610 quam
220 1576 325 1608 semet,
342 1580 397 1611 ego
417 1570 507 1601 inum
521 1571 591 1612 plus
613 1581 707 1613 quam
719 1581 778 1601 me.
810 1571 1004 1604 Perturbatio

110 1613 191 1651 vitae,
209 1613 233 1643 si
253 1613 295 1643 ita
310 1613 359 1651 sit,
375 1620 467 1655 atque
482 1613 650 1645 officiorum
669 1614 821 1654 omnium,
838 1625 1002 1657 consequa-

112 1662 170 1686 tur.
195 1655 256 1686 Sed
270 1655 308 1686 de
321 1656 378 1687 hoc
393 1657 476 1687 alias.

155 1699 266 1729 XXX.
291 1699 384 1730 Nunc
408 1699 485 1730 illud
509 1701 580 1732 satis
605 1706 660 1738 est,
687 1710 749 1731 non
773 1703 936 1734 attribuere
961 1703 1000 1736 ad

109 1742 303 1773 amissionem
327 1743 495 1774 amicorum
521 1744 674 1775 miseriam
697 1752 843 1783 nostram,
871 1756 909 1777 ne
935 1746 1003 1776 illos

110 1786 192 1827 plus,
208 1796 303 1827 quam
318 1786 376 1828 ipsi
392 1786 497 1827 velint,
514 1787 538 1818 si
553 1788 695 1827 sentiant,
712 1787 784 1829 plus
804 1795 893 1829 certe,
910 1799 1004 1831 quam
