1226 1935
274 69 334 101 DE
359 69 466 100 NA'r.
492 67 628 98 DEOR.
656 67 733 98 Lm.
752 68 778 98 1.
796 68 879 98 (hm.
902 69 949 98 13.
994 70 1059 100 305

166 156 235 187 Diis
253 157 375 193 habere,
397 155 479 196 quod
501 155 627 195 liqueat,
650 154 720 190 sint,
737 163 798 184 non
820 154 891 191 sint,
917 156 1060 196 qualesve

164 200 235 235 sint,
251 200 420 240 quidquam
437 198 557 228 videtur
572 197 609 227 de
624 197 733 227 natura
749 196 886 227 Deorum
903 199 1058 239 suspicari.

208 242 319 280 Quid?
343 241 549 278 Democritus,
567 240 620 282 qui
637 246 703 270 tum
719 240 877 280 imagines,
891 251 1059 282 earumque

165 285 318 323 circuitus,
336 285 366 314 in
385 284 519 314 Deorum
537 294 664 313 numero
680 283 779 318 refert,
793 288 858 313 tum
872 284 957 313 illam
971 291 1061 314 natu-

165 338 243 364 ram,
260 339 329 369 quae
343 327 490 367 imagines
506 327 615 356 fundat
636 337 670 356 ac
690 326 803 362 mittat,
820 332 885 355 tum
904 327 1057 357 scientiam

165 370 459 411 intelligentiamque
475 376 621 406 nostram,
638 379 738 399 nonne
759 369 788 398 in
811 369 948 398 maximo
964 381 1062 401 errore

163 421 299 445 versatur
313 416 326 444 Ρ
351 424 420 444 cum
437 413 517 443 idem
534 413 669 448 omnino,
687 413 760 453 quia
775 412 851 441 nihil
867 422 986 453 semper
1001 424 1057 442 suo

164 464 243 488 statu
266 462 398 493 maneat,
425 462 513 496 neget
537 467 599 486 esse
620 455 788 496 quidquam
811 455 1055 496 sempiternu1n3

163 510 263 531 nonne
275 500 379 530 Deum
391 500 516 530 omnino
531 499 575 529 ita
590 498 680 538 tollit,
697 504 732 528 ut
747 498 866 528 nullam
881 498 1055 539 opinionem

163 544 229 583 ejus
245 544 393 584 reliquam
409 543 498 572 faciat
512 544 526 573 Ρ

207 586 293 624 Quid
306 588 320 617 ἓ
350 589 412 622 a'e'r,
444 596 505 626 quo
534 585 688 625 Diogenes
717 584 930 625 Apolloniates
959 585 1057 615 utitur

165 629 243 667 Deo,
267 639 360 670 quem
386 638 507 659 sensum
531 628 642 659 habere
665 633 774 669 potest,
801 634 853 658 aut
878 638 972 668 quam
996 628 1058 658 for-

163 683 246 702 mam
263 672 323 702 Dei
337 674 351 702 Ρ

205 716 281 746 Jam
303 715 340 745 de
356 714 493 745 Platonis
513 714 714 745 inconstantia
728 714 857 754 longum
873 719 916 744 est
937 714 1055 751 dicere3

164 759 229 799 qui,
246 759 277 788 in
293 758 425 795 Thnaeo,
438 764 556 799 partem
572 758 665 797 hujus
681 757 788 787 mundi
802 757 952 787 nominari
967 764 1057 797 neget

163 812 270 842 posse3
302 801 334 830 in
360 801 481 841 Legum
508 807 610 831 autem
634 800 730 837 libris,
755 800 829 841 quid
860 800 897 830 sit
931 801 1057 830 omnino

163 845 259 882 Deus,
276 844 397 885 anquiri
412 850 548 885 oportere
564 854 624 873 non
640 848 768 873 censeat.
798 843 892 880 Quod
908 853 977 873 vero
993 843 1057 874 sine

162 898 285 928 corpore
313 888 378 917 ullo
408 887 512 917 Deum
543 887 609 917 vult
637 897 700 917 esse
730 890 779 920 (ut
809 886 909 916 Graeci
938 886 1055 925 dicunt,

163 936 344 968 ασωματον),
360 930 391 960 id
407 930 497 971 quale
512 940 574 960 esse
588 930 692 970 possit,
716 929 845 969 intelligi
865 939 926 958 non
947 935 1055 970 potest.

162 974 271 1004 Careat
286 973 367 1003 enim
384 983 483 1009 sensu,
497 983 615 1003 necesse
630 978 685 1009 est,
702 978 800 1002 careat
816 972 907 1002 etiam
922 972 1056 1013 pruden-

163 1016 216 1053 tia,
232 1022 329 1046 careat
345 1017 519 1056 voluptate;
544 1027 613 1056 quae
628 1015 732 1045 omnia
746 1015 810 1045 una
826 1025 897 1045 cum
914 1015 1053 1045 Deorum

162 1059 283 1089 notione
298 1059 591 1100 comprehendimus.
624 1059 713 1088 Idem
730 1066 759 1088 et
780 1058 811 1088 in
827 1058 947 1088 Timaeo
970 1058 1054 1096 dicit,

163 1108 193 1133 et
206 1102 238 1132 in
254 1102 400 1143 Legibus,
418 1108 447 1132 et
461 1102 615 1132 mundum
631 1101 736 1132 Deum
752 1112 825 1139 esse,
842 1107 872 1131 et
887 1102 1009 1137 coelum,
1027 1108 1056 1132 et

162 1151 252 1183 astra,
274 1151 304 1175 et
323 1152 446 1182 terram,
468 1151 498 1175 et
519 1145 648 1183 animos,
670 1150 700 1175 et
722 1154 782 1183 eos,
806 1155 881 1185 quos
903 1145 1056 1184 majorum

161 1188 306 1218 institutis
321 1188 511 1229 accepimus3
535 1198 605 1229 quae
624 1193 654 1218 et
673 1198 727 1229 per
748 1198 779 1218 se
800 1193 870 1217 sunt
891 1187 967 1217 falsa
986 1198 1056 1228 per-

161 1231 274 1272 spicue,
291 1237 321 1261 et
335 1232 413 1262 inter
428 1242 490 1262 sese
505 1231 698 1262 vehementer
713 1230 923 1271 repugnantia.

204 1274 312 1315 Atque
327 1275 418 1305 etiam
434 1274 607 1315 Xenophon
623 1273 815 1315 paucioribus
831 1274 928 1304 verbis
944 1273 1048 1304 eadem

162 1317 224 1348 fere
238 1323 350 1358 peccat.
380 1317 467 1348 Facit
484 1317 577 1354 enim,
594 1318 626 1348 in
646 1317 683 1348 iis
703 1328 773 1358 quae
795 1328 813 1347 a
833 1317 954 1347 Socrate
974 1316 1055 1347 dicta

160 1360 275 1397 retulit,
300 1361 454 1391 Socratem
480 1360 698 1402 disputantem,
721 1360 853 1391 formam
876 1359 935 1390 Dei
959 1360 1054 1400 quaen’

162 1413 222 1434 non
252 1409 408 1444 oportere3
439 1404 642 1444 eumdemque
671 1409 701 1434 et
730 1404 823 1434 solem
854 1408 883 1433 et
913 1403 1052 1433 animum

161 1446 266 1477 Deum
289 1446 406 1483 dicere3
431 1453 461 1477 et
484 1447 575 1477 modo
598 1456 709 1483 unum,
734 1452 802 1477 tum
825 1452 928 1476 autem
951 1447 1053 1486 plures

162 1489 264 1520 Deos:
288 1500 357 1530 quae
379 1496 451 1521 sunt
472 1490 578 1521 iisdem
599 1490 632 1520 in
652 1489 756 1521 erratis
777 1490 851 1528 fere,
873 1489 985 1530 quibus
1004 1499 1050 1527 ea,

160 1543 230 1573 quae
243 1532 280 1563 de
296 1533 424 1563 Platone
441 1532 613 1574 [dicimus]

203 1575 304 1606 XIII.
327 1576 434 1618 Atque
449 1577 541 1607 etiam
560 1576 771 1616 Antisthenes,
793 1575 825 1605 in
844 1585 879 1606 eo
899 1575 977 1605 libro
997 1575 1052 1616 qui

162 1620 184 1636 “
202 1619 372 1660 Physicus''
402 1620 585 1657 inscribitur,
617 1620 778 1661 populares
808 1618 891 1649 Deos
924 1618 1050 1654 multos,

161 1662 330 1692 naturalem
345 1672 455 1701 unum,
472 1673 534 1693 esse
548 1663 662 1702 dicens,
679 1663 759 1693 tonit
774 1662 836 1692 vim
858 1667 887 1692 et
908 1667 1050 1691 naturam

159 1704 307 1735 Deorum.
340 1706 407 1736 Nec
429 1706 528 1736 multo
553 1717 637 1737 secus
663 1706 863 1747 Speusippus,
886 1704 1046 1735 Platonem

158 1748 344 1779 avunculum
370 1750 566 1790 subsequens,
594 1755 624 1780 et
648 1749 712 1779 vim
739 1748 905 1789 quamdam
931 1747 1045 1782 dicens,

679 1794 699 1822 2
717 1800 740 1821 Ι)
767 1793 787 1821 3
