1226 1935
267 58 328 90 DE
352 58 550 97 FINIBUS,
574 58 655 90 Lm.
676 59 718 90 V.
735 58 820 91 Cn.
836 60 868 90 2.
971 61 1014 92 65

127 144 191 176 Scis
207 144 288 176 enim
303 155 354 176 me
369 145 503 186 quodam
518 151 654 186 tempore
669 144 888 186 Metapontum
903 146 1020 178 venisse

128 195 240 225 tecum,
257 197 312 219 nec
326 188 365 218 ad
377 189 527 229 hospitem
537 195 607 218 ante
619 188 784 227 divertisse,
797 199 891 229 quam
903 189 1021 230 Pytha.

130 241 211 271 gorae
227 231 328 271 ipsum
343 232 431 261 illum
448 232 561 267 locum,
575 231 629 261 ubi
641 231 735 261 vitam
747 231 892 268 ediderat,
906 232 1023 263 sedem.

131 284 203 314 que,
230 273 367 304 viderim.
403 274 472 304 Hoc
496 280 600 304 autem
625 280 771 315 tempore,
788 274 843 305 etsi
866 275 965 305 multa
988 276 1020 305 in

129 316 214 347 omni
238 322 323 356 parte
346 317 540 347 Athenarum
567 323 638 347 sunt
663 317 695 347 in
719 317 792 358 ipsis
814 318 886 348 locis
912 317 1024 348 indicia

131 369 322 389 summorum
339 360 473 390 virorum
484 371 493 396 ;
518 366 621 390 tamen
637 370 693 400 ego
702 360 756 391 illa
767 370 890 391 moveor
901 361 1023 392 exedra.

131 402 230 433 Modo
246 402 328 432 enim
343 402 402 432 fuit
417 403 616 441 Charmadas,
627 413 719 444 quem
735 403 836 434 videre
851 403 953 434 videor
965 406 1023 438 (est

130 445 213 475 enim
237 451 308 475 nota
331 445 467 486 imago)=
492 457 510 476 a
539 446 669 487 sedeque
698 446 775 487 ipsa,
806 446 883 476 tanti
906 447 1021 487 ingenii

131 488 343 528 magnitudine
358 489 474 526 orbata,
491 489 652 520 desiderari
667 489 753 519 illam
768 499 872 520 vocem
884 496 970 530 puto.

175 531 261 561 Tum
280 531 360 569 Piso,
381 532 538 569 Quoniam
559 532 653 572 igitur
675 532 793 573 aliquid
815 542 932 570 omnes,
949 532 1025 573 quid

133 574 249 604 Lucius
259 580 369 612 noster,
380 574 480 615 inquit
491 577 504 605 ?
528 585 567 605 an
577 586 647 605 eum
658 575 760 605 locum
769 575 898 606 libenter
909 575 1024 613 invisit,

133 617 187 647 ubi
203 617 425 647 Demosthenes
440 624 469 648 et
480 618 640 648 [Eschines
650 618 727 648 inter
742 629 773 649 se
784 618 935 648 decertare
946 619 1025 649 soliti

131 662 229 690 sunt?
253 670 307 690 suo
319 660 401 690 enim
417 661 546 702 quisque
562 661 661 691 studio
676 661 811 691 maxime
826 661 956 692 ducitur.
980 661 1024 692 Et

132 703 195 740 ille,
212 713 284 733 cum
303 703 482 741 erubuisset,
505 704 592 742 Noli,
615 704 726 745 inquit,
748 715 787 735 ex
807 715 858 734 me
878 715 1024 753 quaeoere,

132 746 187 786 qui
202 746 234 775 in
251 746 445 777 Phalericum
460 747 552 777 etiam
572 747 801 783 descenderin13
826 758 888 788 quo
908 747 940 777 in
960 748 1027 780 loco

132 789 171 819 ad
188 789 315 819 fluctum
331 789 417 819 aiunt
436 789 606 820 declamare
626 790 751 821 solitum
772 790 1024 839 Demosthenem,

132 837 167 862 ut
182 831 340 862 fremitum
359 838 539 863 assuesceret
556 843 628 863 voce
652 834 778 863 vincere.
813 833 912 864 Modo
933 834 1025 864 etiam

133 875 261 915 paulum
277 875 316 905 ad
331 875 470 905 dextram
493 875 531 907 de
545 876 595 906 via
610 876 769 913 declinavi,
785 882 821 906 ut
840 876 880 906 ad
902 876 1026 908 Periclis

132 918 304 958 sepulcrum
320 918 510 950 accederem·
536 929 726 960 quamquam
741 919 772 948 id
787 919 913 960 quidem
924 919 1027 950 infini-

132 966 200 991 tum
213 966 256 991 est
271 961 303 990 in
318 961 374 991 hac
396 963 491 992 urbe.
516 972 713 1011 quacumque
727 962 810 992 enim
824 962 1025 1002 ingredimur,

133 1004 164 1034 in
177 1004 314 1045 aliquam
328 1004 484 1034 historiam
501 1005 662 1046 vestigium
678 1005 830 1054 ponimus.

176 1047 261 1077 Tum
287 1047 369 1085 Piso,
391 1047 504 1088 Atqui,
530 1048 646 1096 Cicero,
666 1048 778 1089 inquit,
797 1048 855 1079 ista
869 1048 981 1086 studia,
999 1049 1024 1079 si

132 1090 172 1120 ad
194 1090 357 1120 imitandos
379 1101 515 1121 summos
533 1091 611 1122 viros
629 1097 777 1132 spectant,
799 1091 1025 1132 ingeniosorum

132 1139 223 1163 sunt:
248 1133 294 1163 sin
321 1134 536 1165 tantummodo
556 1134 595 1164 ad
613 1134 725 1165 indicia
745 1134 852 1165 veteris
871 1135 1027 1166 memoriae

132 1176 350 1216 cognoscenda,
360 1177 557 1208 curiosorum.
577 1177 625 1208 Te
637 1184 740 1208 autem
752 1178 910 1208 hortamur
921 1188 1026 1210 omnes

132 1221 317 1253 (currentem
332 1219 468 1260 quidem,
485 1226 520 1250 ut
539 1228 651 1261 spero),
674 1227 709 1251 ut
729 1231 790 1258 eos,
807 1231 884 1261 quos
908 1222 1025 1252 novisse

132 1262 189 1300 vis,
206 1262 298 1293 etiam
313 1261 425 1294 imitari
449 1264 530 1294 velis.
555 1264 619 1294 Hic
635 1274 702 1304 ego,
719 1264 787 1294 Etsi
801 1264 873 1294 facit
888 1264 937 1295 hic
954 1265 1023 1305 qui-

132 1305 215 1343 dem,
240 1306 379 1346 inquam,
405 1306 487 1344 Piso,
511 1310 560 1341 (ut
586 1306 681 1344 vides)
707 1317 742 1337 ea
765 1317 834 1347 quae
860 1308 1019 1356 praecipi5¹
1010 1330 1019 1344 ,

133 1354 237 1378 tamen
252 1348 329 1378 mihi
343 1355 429 1389 grata
444 1349 515 1380 estl
509 1350 627 1379 ortatio
636 1356 698 1380 tua.
722 1349 808 1381 Tum
819 1350 871 1380 1118
880 1350 1023 1381 amicissi-

131 1401 193 1430 me,
210 1397 245 1421 ut
260 1392 384 1429 solebat,
407 1392 474 1422 Nos
497 1403 577 1430 vero,
601 1393 713 1442 inquit,
735 1403 840 1424 omnes
860 1394 964 1424 omnia
983 1393 1021 1423 ad

132 1434 225 1473 hujus
240 1435 471 1465 adolescentiam
486 1436 707 1474 conferamus,
699 1447 730 1466 111
746 1436 914 1477 primisque
924 1443 958 1467 ut
967 1437 1022 1467 ali-

133 1477 208 1517 quid
229 1488 353 1508 suorum
374 1478 544 1508 studiorum
559 1479 758 1520 philosophiae
773 1490 896 1520 quoque
910 1480 1024 1521 imper-

132 1520 198 1557 tiat,
218 1521 266 1550 vel
288 1526 324 1550 ut
350 1526 379 1551 te
403 1521 549 1559 imitetur,
575 1532 667 1563 quem
691 1529 793 1559 amat3
818 1523 866 1553 vel
888 1529 922 1553 ut
944 1523 1021 1552 illud

131 1562 245 1603 ipsum,
276 1564 358 1604 quod
388 1565 499 1602 studet,
530 1565 627 1595 facere
656 1566 749 1606 possit
777 1566 922 1596 ornatius.
961 1565 1020 1596 Sed

132 1611 237 1635 utrum
263 1606 428 1637 hortandus
449 1618 479 1637 es
499 1608 597 1644 nobis,
620 1608 710 1646 Luci,
737 1609 848 1649 inquit,
870 1619 909 1638 an
928 1609 1020 1639 etiam

132 1648 186 1678 tua
201 1655 307 1689 sponte
321 1659 486 1690 propensus
501 1661 550 1681 es.
543 1652 557 1673 9
581 1651 665 1681 Mihi
679 1652 804 1692 quidem
816 1652 1018 1688 Antiochum,

131 1702 224 1731 quem
245 1692 342 1729 audis,
359 1693 430 1722 satis
451 1694 529 1723 belle
550 1694 658 1724 videris
672 1695 834 1725 attendere.
868 1695 953 1724 Tum
969 1695 1021 1724 1118

131 1734 247 1772 timide,
262 1735 309 1766 vel
318 1735 419 1776 potius
431 1736 607 1776 verecunde,
620 1737 645 1767 F
647 1737 722 1775 acio,
734 1738 844 1779 inquit,
855 1737 996 1778 equidem
1007 1748 1016 1767 τ

705 1790 725 1810 G
744 1782 763 1811 3
