1226 1935
268 98 391 131 TUSC.
408 98 581 138 QUAEST.
599 98 677 129 Lm.
696 99 736 130 V.
761 98 844 130 CAP.
862 100 891 135 7.
951 101 1014 135 257

122 196 244 217 morum
258 185 400 223 incitatae,
422 191 452 216 et
471 186 589 226 impetu
609 185 828 216 inconsiderato
848 185 944 223 elatae,
961 196 1009 216 ra-

121 230 236 260 tionem
256 238 379 259 omnem
400 229 587 269 repellentes,
603 228 673 258 vitae
693 229 788 258 beatae
807 229 925 259 nullam
941 239 1010 270 par-

122 278 183 303 tem
199 272 385 312 relinquunt.
417 271 496 309 Quis
517 271 598 301 enim
618 277 726 312 potest,
743 277 873 301 mortem
889 278 942 302 aut
956 272 1010 302 do-

121 316 216 346 lorem
232 322 370 345 metuens
382 318 527 356 (quorum
542 315 671 345 alterum
684 324 762 355 saepe
771 314 865 352 adest,
878 315 1008 346 alterum

120 369 238 400 semper
259 358 439 398 impendet),
453 368 514 388 esse
536 368 597 387 non
619 357 734 388 miser?
759 357 855 395 Quid,
879 358 903 387 si
926 358 1008 388 idem

121 401 218 443 (quod
232 401 413 442 plerumque
428 400 475 438 fit)
491 406 710 441 paupertatem,
732 400 943 441 ignominiam,
960 400 1008 430 in-

120 445 247 474 famiam
263 444 365 480 ti1net;
390 444 414 474 si
429 444 628 481 debilitatem,
641 444 822 479 caecitate1n3
839 443 864 473 si
875 443 1008 484 denique

119 487 216 529 (quod
231 497 290 518 non
307 487 434 528 singulis
453 487 639 525 hominibus,
655 487 708 517 sed
722 487 894 527 potentibus
908 497 1008 527 popu..

117 530 165 569 lis,
182 541 261 571 saepe
275 530 414 571 contigit)
430 530 624 567 servitutem;
648 535 756 570 potest,
766 540 801 560 ea
812 530 933 567 timens,
944 540 1007 560 esse

118 574 282 615 quisquam
303 575 433 604 beatus?
457 574 554 612 Quid,
574 573 628 614 qui
650 583 711 604 non
733 572 824 603 modo
846 583 881 603 ea
902 572 1007 603 futura

118 617 217 654 timet,
253 627 359 647 verum
391 616 482 647 etiam
513 617 571 647 fert
603 617 790 657 sustinetque
821 616 1005 657 praesentia?

117 660 211 690 Adde
232 660 338 691 eodem
360 660 476 697 exsilia,
498 660 609 697 luctus,
640 660 791 690 orbitates.
825 659 891 697 Qui
916 659 1007 690 rebus

117 703 166 734 his
188 703 299 734 fractus
322 703 500 744 aegritudine
521 703 654 741 eliditur,
678 708 775 744 potest
796 703 920 733 tandem
943 713 1006 733 esse

117 756 178 777 non
201 747 412 777 miserrimus?
435 747 521 785 Quid
543 757 613 777 vero
634 746 735 783 illum,
757 756 849 787 quem
870 745 1006 776 libidini-

116 791 174 820 bus
185 790 410 820 inflammatum
423 796 452 820 et
463 790 614 820 furentem
626 790 774 826 videmus,
787 789 890 819 omnia
901 789 1005 819 rabide

114 839 307 874 appetentem
319 843 389 863 cum
399 833 576 874 inexplebili
591 833 766 873 cupiditate,
779 842 901 873 quoque
915 832 1004 862 afflu-

115 877 214 907 entius
230 877 398 918 voluptates
412 876 548 917 undique
562 876 693 913 hauriat,
711 886 746 906 eo
760 876 881 916 gravius
896 875 1004 906 arden-

115 919 236 960 tiusque
247 920 419 956 sitientem,
411 931 419 939 ·
444 930 545 950 nonne
557 925 634 950 recte
644 919 850 949 miserrimum
865 919 977 949 dixeris
988 920 1003 949 ‚⁹

114 963 229 1001 Quid?
253 963 348 993 elatus
359 963 410 993 ille
425 963 577 999 levitate,'
569 963 714 1011 inanique
728 962 834 992 laetitia
849 963 1004 992 exsultans

115 1012 146 1037 et
160 1012 271 1036 temere
286 1006 426 1047 gestiens,
442 1016 542 1037 nonne
558 1012 642 1036 tanto
656 1005 803 1055 miserior,
817 1011 931 1047 quanto
946 1005 1004 1036 sibi

115 1049 234 1079 videtur
248 1050 387 1080 beatior?
410 1049 506 1090 Ergo,
529 1055 564 1079 ut
583 1049 616 1078 hi
636 1049 748 1086 miseri,
770 1049 811 1079 sic
833 1054 936 1079 contra
957 1049 1004 1079 illi

114 1093 206 1129 beati,
231 1103 307 1133 quos
326 1093 404 1122 nulli
426 1099 526 1122 metus
548 1099 670 1130 terrent,
694 1093 788 1122 nullae
810 1092 1004 1132 aegritudines

116 1135 260 1171 exedunt,
276 1136 370 1166 nullae
384 1136 523 1166 libidines
537 1135 675 1171 incitant,
697 1135 791 1165 nullae
810 1117 912 1166 fuoffles
926 1136 1004 1166 laeti-

114 1178 165 1209 tiae
190 1179 374 1209 exsultantes
393 1179 546 1220 languidis
566 1178 765 1219 liquefaciunt
784 1179 1002 1219 voluptatibus,

116 1221 162 1252 Ut
185 1222 277 1252 maris
299 1222 393 1262 igitur
416 1222 618 1263 tranquillitas
641 1222 833 1262 intelligitur,
856 1222 943 1252 nulla
964 1233 1005 1253 ne

113 1265 244 1295 minima
258 1265 381 1306 quidem
397 1266 472 1295 aura
486 1266 595 1295 fluctus
610 1273 838 1301 commovente3
856 1265 898 1296 sic
909 1265 1005 1296 animi

116 1308 236 1349 quietus
251 1315 280 1338 et
294 1309 429 1349 placatus
449 1314 544 1339 status
564 1308 706 1345 cernitur,
726 1319 796 1338 cum
816 1310 1004 1349 perturbatio

115 1351 201 1381 nulla
216 1357 270 1390 est,
286 1362 348 1393 qua
367 1352 481 1382 moveri
499 1358 599 1393 queat.
631 1351 725 1389 Quod
747 1352 773 1382 si
793 1357 848 1389 est,
865 1352 919 1393 qui
939 1353 1003 1383 vim

116 1394 256 1432 fortunae,
273 1395 326 1436 qui
348 1395 451 1425 omnia
469 1395 616 1432 humana,
640 1394 726 1435 [quae
741 1395 850 1443 cuique
871 1395 1004 1427 accidere

115 1444 253 1478 possunt,
258 1439 271 1479 ]
288 1438 453 1468 tolerabilia
475 1438 576 1476 ducat,
599 1448 636 1468 ex
658 1448 720 1478 quo
740 1448 795 1468 nec
816 1438 906 1469 timor
930 1449 1001 1470 eum

116 1490 171 1511 nec
195 1491 288 1521 angor
311 1481 459 1522 attingat3
483 1481 626 1522 idemque
648 1481 672 1510 si
696 1481 775 1511 nihil
798 1482 1000 1523 concupiscat,

113 1524 201 1554 nulla
215 1523 355 1554 efferatur
369 1524 463 1554 animi
482 1524 566 1554 inani
581 1524 754 1565 voluptate;
779 1524 854 1566 quid
872 1532 926 1562 est,
949 1536 1002 1556 cur

114 1567 140 1597 is
167 1577 227 1597 non
253 1568 358 1598 beatus
383 1567 445 1598 sit?
473 1573 512 1605 et,
540 1567 564 1597 si
589 1567 654 1597 haec
680 1567 791 1597 virtute
817 1567 1000 1608 efficiuntur,

114 1610 190 1651 quid
206 1615 260 1649 est,
276 1621 329 1640 cur
344 1610 438 1641 virtus
452 1611 517 1651 ipsa
531 1621 584 1651 per
599 1621 630 1640 se
645 1620 706 1640 non
722 1610 830 1640 efficiat
844 1612 946 1642 beatos
958 1614 972 1644 ?

157 1653 237 1684 VII.
266 1653 411 1683 Auditor.
442 1654 543 1694 Atqui
566 1653 696 1683 alterum
720 1653 779 1683 dici
804 1663 865 1683 non
892 1662 1001 1696 potest,

114 1696 189 1738 quin
205 1697 238 1733 ii,
251 1697 305 1737 qui
320 1697 397 1726 nihil
411 1703 559 1733 metuant,
576 1697 652 1726 nihil
665 1703 827 1736 angantur,
844 1697 921 1728 nihil
932 1709 1003 1730 con-

113 1740 280 1780 cupiscant,
304 1740 391 1770 nulla
412 1740 572 1781 impotenti
592 1739 698 1770 laetitia
723 1739 896 1778 efferantur,
923 1744 1004 1775 beati

115 1783 193 1814 sint:
217 1783 321 1824 itaque
346 1782 378 1813 id
401 1783 456 1814 tibi
480 1783 628 1814 concedo:
659 1782 788 1813 alterum
812 1788 914 1814 autem
938 1787 1003 1827 jam

684 1834 704 1855 z
730 1826 749 1855 :3
