1226 1935
196 70 236 101 [νο
333 65 395 96 DE
419 63 617 104 FINIBUS,
636 63 945 103 L113,V.CAP.2‘2.

197 161 242 185 ter
258 164 288 184 se
303 151 518 193 expetendum,
529 162 623 192 quam
638 157 691 181 aut
706 161 820 187 sensus,
833 157 885 181 aut
897 149 1027 198 corporis
1040 159 1085 185 ea,

198 208 269 238 quae
284 196 436 226 diximus:
462 195 572 236 quibus
592 201 712 224 tantum
728 200 850 235 praestat
865 193 974 223 mentis
991 192 1087 221 excel-

199 241 264 270 lens
287 238 439 280 perfectio,
462 244 497 267 nt
519 238 570 267 vix
595 237 718 278 cogitari
741 237 844 277 possit,
866 235 940 276 quid
962 235 1087 264 intersit.

202 284 312 323 Itaque
323 281 421 311 omnis
433 281 526 310 hono.
515 298 538 316 0,
552 280 650 310 omnis
660 280 829 315 admiratio,
843 289 932 308 omne
943 277 1088 312 studium,

202 326 242 356 ad
258 325 411 361 virtutem,
425 329 454 353 et
469 323 507 352 ad
523 334 571 353 eas
587 323 716 353 actiones
733 333 800 363 quae
816 321 920 352 virtuti
937 326 1008 351 sunt
1021 330 1063 350 cot
1064 330 1091 349 1-

203 374 363 417 sentaneae,
389 366 534 396 refertur.
561 376 655 406 eaque
678 366 791 401 onmia,
819 375 887 405 quae
913 370 966 393 aut
995 364 1037 393 ita
1061 364 1092 392 in

204 410 314 441 animis
335 415 416 446 sunt,
437 414 490 438 aut
509 409 551 438 ita
569 415 726 449 geruntur,
743 419 804 438 uno
825 407 948 437 nomine
968 406 1093 435 honesta

204 454 355 484 dicuntur.
379 452 522 489 Quorum
534 451 672 481 omnium
689 462 757 492 quae
773 451 831 480 sint
852 450 975 485 notitiae,
995 448 1094 489 [quae-

207 507 267 537 que
292 495 497 544 significentur
521 495 638 535 rerum]
656 494 820 529 vocabulis,
843 503 971 534 qumque
994 493 1094 531 cujus-

210 550 271 580 que
287 539 330 569 vis
346 544 374 568 et
389 543 497 567 natura
512 537 559 574 sit,
576 547 650 566 mox
666 536 845 566 videbimus.

250 581 364 612 XXII.
390 580 459 610 Hoc
475 586 576 609 autem
592 580 656 609 loco
672 585 791 608 tantum
807 578 1003 619 explicemus,
1020 578 1095 615 haec,

208 625 334 655 honesta
363 634 432 664 quae
461 622 538 659 dico,
566 628 767 662 praeterquam
792 621 874 662 quod
900 621 1096 660 nosmetipsos

207 668 382 708 diligamus,
399 671 542 706 praeterea
557 665 662 705 suapte
677 665 786 694 natura
807 674 860 705 per
875 675 915 701 se,
936 674 998 693 csse
1008 674 1098 704 expe-

207 711 308 741 tenda.
334 709 474 739 Indicant
489 708 586 748 pueri,
603 708 634 737 in
651 708 773 748 quibus,
790 713 824 737 ut
839 707 869 736 in
886 707 1024 747 speculis,
1046 717 1099 736 na-

210 759 280 783 tura
305 752 444 783 cernitur
478 752 604 788 Quanta
635 750 734 780 studia
759 750 976 780 decertantium
1004 750 1097 779 sunt!

211 802 327 837 quanta
338 796 403 835 ipsa
419 793 601 824 certamina!
627 799 660 823 ut
672 793 716 823 1111
727 793 891 823 efferuntur
902 792 1016 827 laetitia,
1030 803 1100 822 cum

212 838 357 869 vicerint!
384 843 418 867 ut
441 836 535 878 pudet
561 837 675 867 victos!
701 842 735 865 ut
759 847 789 866 se
814 836 944 866 accusari
968 836 1097 865 nolunt!

214 892 308 923 quam
325 880 452 921 cupiunt
466 879 604 909 laudari.
598 880 604 899 ¹
632 889 714 928 ’(11105
734 879 779 908 1111
795 880 910 909 labores
926 889 985 908 non
1002 879 1099 919 perfe-

212 931 297 961 runt,
313 930 349 954 ut
365 923 528 964 aequalium
544 923 693 962 principes
709 922 787 951 sint!
813 933 881 962 quae
896 922 1042 951 memoria
1057 928 1100 951 est

212 968 245 997 in
262 968 308 997 his
329 969 404 997 bene
425 965 626 996 merentium!
653 976 721 1005 quae
740 965 885 995 referenda
886 975 901 993 ε
923 964 1027 1004 gratiae
1049 975 1101 994 cu-

215 1010 348 1051 piditas!
385 1015 475 1049 atque
499 1008 531 1037 in
556 1009 672 1048 optima
696 1018 818 1048 quaque
844 1007 944 1037 indole
968 1007 1102 1037 maxime

213 1058 384 1094 apparent,
408 1052 439 1081 in
456 1062 516 1092 (11111
537 1051 600 1081 haec
619 1051 755 1087 honesta,
772 1061 841 1091 quae
861 1050 1103 1090 intellioimus,a

216 1096 327 1126 natura
342 1102 500 1135 tamquam
523 1094 751 1124 adumbrantur.
787 1092 847 1123 Sed
866 1093 955 1123 haec
947 1103 979 1123 111
1002 1093 1102 1133 pueris

221 1139 405 1180 [expressa]

262 1183 300 1212 In
312 1182 348 1212 iis
361 1191 430 1212 vero
443 1181 581 1211 aetatibus
593 1191 661 1221 quae
670 1181 735 1220 jam
747 1181 930 1211 confirmatae
942 1186 1023 1217 sunt,
1037 1180 1105 1220 quis

214 1231 263 1256 >est
283 1231 347 1255 tam
370 1224 522 1254 dissimilis
543 1224 671 1262 homini,
691 1224 743 1265 qui
766 1234 826 1254 non
842 1229 998 1253 moveatur
1019 1229 1047 1253 et
1062 1223 1108 1253 of-

219 1268 353 1299 fensione
375 1267 581 1308 turpitudinis,
604 1272 633 1297 et
653 1267 896 1307 comprobatione
918 1266 1106 1296 honestatis?

218 1311 300 1349 Quis
326 1317 380 1347 est,
411 1310 465 1351 qui
495 1320 555 1340 non
586 1310 680 1340 oderit
709 1310 912 1345 libidinosam,
938 1315 1109 1349 protervam

220 1353 451 1384 adolescentiam
465 1355 477 1383 Ρ
513 1353 592 1390 Quis
611 1359 714 1382 contra
733 1353 763 1382 in
780 1353 832 1382 11111
848 1358 934 1382 aetate
949 1352 1108 1392 pudorem,

221 1397 433 1433 constantiam,
451 1396 542 1426 etiam
565 1396 589 1425 51
610 1396 665 1425 sua
686 1395 761 1425 nihil
782 1395 909 1433 intersit,
929 1405 989 1425 non
1009 1401 1109 1425 tamen

221 1440 351 1480 dilioat.
344 1441 357 1461 '³
393 1439 472 1477 Quis
498 1439 626 1468 Pullum
652 1438 875 1475 Numitorium,
902 1438 1110 1478 Fregellarum

223 1483 419 1524 proditorem,
447 1492 637 1522 quamquam
662 1481 833 1522 reipublicae
859 1487 967 1511 nostrae
961 1463 1111 1521 profuit,

224 1536 286 1555 non
303 1525 386 1555 odit.
379 1527 392 1547 '³
417 1525 497 1562 Quis
516 1525 599 1554 urbis
619 1531 856 1554 conservatorem
881 1523 1027 1559 Codrum,
1046 1524 1114 1564 quis

225 1568 389 1599 Erechthei
412 1568 500 1605 filias,
523 1577 583 1597 non
604 1567 739 1597 maxime
761 1567 885 1596 laudat
879 1569 891 1588 ‘³
916 1567 975 1596 Cui
996 1566 1025 1596 'l
1029 1567 1114 1596 ubuli

224 1621 337 1641 nomen
352 1610 421 1641 odio
437 1620 497 1640 non
513 1612 581 1641 est?
605 1610 684 1648 Quis
699 1610 868 1640 Aristidem
883 1619 943 1640 non
959 1615 1114 1640 mortuum

226 1654 328 1694 diligit
340 1656 353 1684 ?

272 1698 325 1726 An
347 1696 563 1734 obliviscimur,
586 1703 771 1737 quantopere
789 1697 820 1726 in
840 1695 1000 1732 audiendo,
1022 1695 1053 1725 in
1074 1696 1116 1725 le-

223 1740 398 1782 gendoque,
425 1750 613 1781 moveamur,
639 1750 709 1772 cum
733 1740 793 1781 pie,
819 1750 890 1771 cum
916 1739 1022 1776 amice,
1048 1748 1117 1770 cum
