1226 1935
236 64 295 94 144
362 64 484 95 TUSC.
502 64 674 103 QUAEST.
693 64 771 95 Lm.
789 65 815 95 1.
841 65 923 96 CAP.
937 66 988 96 42.

231 150 413 191 perpetuitas
435 150 533 180 omnis
559 150 766 191 consequentis
791 152 946 191 temporis,
972 152 1040 192 quis
1065 161 1117 182 me

229 194 343 224 beatior
354 196 368 224 Ρ
404 194 456 224 Sin
469 204 538 224 vera
554 200 634 232 sunt,
651 205 720 234 quae
735 194 887 231 dicuntur,
904 194 1115 235 migrationem

230 247 292 267 esse
306 242 436 266 mortem
455 237 484 266 in
502 247 550 266 eas
563 247 640 273 oras,
654 247 740 277 quas,
752 237 805 277 qui
818 247 833 267 e
849 237 910 267 vita
926 238 1114 275 excesserint⁷

230 279 387 315 incolunt3
412 280 443 309 id
463 280 561 309 multo
580 280 646 318 jam
667 279 782 309 beatius
803 285 856 315 est,
874 286 914 316 te,
931 290 999 309 cum
1015 281 1053 310 ab
1069 280 1116 317 iis,

228 323 281 362 qui
305 333 335 352 se
354 322 492 361 judicum
516 332 642 351 numero
664 322 767 352 haberi
790 323 894 359 velint,
919 323 1054 359 evaseris,
1077 323 1116 352 ad

228 375 278 395 eos
300 366 410 402 venire,
435 365 488 405 qui
510 375 577 395 vere
597 365 713 404 judices
735 365 935 405 appellentur,
960 366 1113 404 Minoem,

229 408 513 445 Rhadamanthum,
537 408 681 445 AEacum,
705 407 952 448 Triptolemumg
976 409 1116 438 conveni-

227 461 318 491 reque
333 461 392 487 eos,
406 451 458 491 qui
471 452 551 489 juste
567 457 597 480 et
612 461 681 480 cum
694 450 753 480 fide
766 450 903 480 vixerint.
938 451 968 480 H
974 462 1014 481 aec
1029 462 1114 492 pere-

227 494 357 533 grinatio
372 493 529 523 mediocris
545 493 628 523 vobis
644 493 738 523 videri
757 496 877 532 potest?
911 494 955 523 Ut
971 505 1039 524 vero
1055 495 1116 524 col-

225 536 310 577 loqui
326 547 395 566 cum
409 536 545 576 Orpheo,
557 535 688 571 Musaeo,
701 535 847 572 Homero,
860 536 1004 573 Hesiodo,
1016 537 1113 573 liceat,

227 579 334 619 quanti
349 579 471 608 tandem
489 578 668 608 aestiinatis?
692 578 845 618 Equidem
869 589 947 618 saepe
967 580 1072 615 emori,
1090 580 1114 610 si

225 622 289 652 fieri
305 627 413 662 posset,
431 621 550 657 vellem,
568 627 602 650 ut
617 630 663 657 ea,
680 631 749 660 quae
763 621 841 657 dico,
857 621 934 651 mihi
953 622 1053 652 liceret
1068 623 1114 652 in-

225 664 337 694 venire.
373 664 500 702 Quanta
526 663 720 693 delectatione
746 669 847 693 autem
874 664 1016 703 afficerer,
1043 675 1113 695 cum

226 707 434 743 Palamedem,
461 716 531 736 cum
558 706 699 745 Ajacem,
725 716 795 736 cum
820 707 903 743 alios,
929 707 1042 746 judicio
1069 709 1115 737 in-

225 749 297 790 iquo
327 749 556 798 circumventos,
593 748 782 778 convenirem
796 749 802 778 !
846 755 992 779 tentarem
1022 751 1113 780 etiam

223 792 337 822 summi
352 792 440 833 regis,
458 791 511 832 qui
526 792 676 821 maximas
697 791 796 831 copias
815 791 903 822 duxit
918 793 956 822 ad
972 792 1001 821 'l
1004 794 1111 832 rojam,

223 842 253 865 et
268 835 382 875 Ulyssi,
385 817 583 875 ”Sisyphique
598 834 812 875 prudentiam:
837 845 891 865 nee
906 837 944 865 ob
957 846 1023 865 eam
1036 846 1112 873 rem,

223 888 294 908 curn
320 878 385 908 haec
414 877 616 918 exquirerem,
643 877 719 906 sicut
748 877 798 907 hic
828 877 986 915 faciebam,
1017 879 1113 919 capite

223 921 391 951 damnarer.
422 920 473 950 Ne
488 930 540 950 vos
556 920 691 960 quidem,
710 919 838 968 judices,
861 920 894 957 ii,
916 921 970 961 qui
988 931 1037 951 me
1059 923 1113 952 ab·

223 964 360 1000 solvistis,
373 968 503 992 mortem
513 962 684 992 timueritis.
710 962 777 992 Nec
789 963 869 992 enim
881 964 1022 1003 cuiquam
1032 966 1112 995 bono

221 1006 295 1036 mali
310 1006 478 1047 quidquam
494 1005 611 1035 evenire
626 1011 734 1045 potest,
748 1015 801 1035 nec
812 1006 891 1042 vivo,
903 1016 957 1036 nec
969 1013 1088 1037 mortuo
1100 1019 1107 1037 :

222 1060 276 1079 nec
285 1059 422 1089 unquam
435 1049 499 1087 ejus
511 1058 557 1078 res
569 1059 586 1077 a
596 1048 664 1077 Diis
674 1048 897 1078 immortalibus
909 1050 1108 1089 negligentur.

222 1092 289 1122 Nec
303 1092 380 1122 mihi
394 1092 452 1132 ipsi
467 1091 523 1120 hoc
538 1091 644 1120 accidit
659 1090 791 1120 fortuito.
816 1091 883 1121 Nec
904 1102 971 1121 vero
992 1103 1046 1132 ego
1061 1093 1109 1130 iis,

219 1146 238 1165 a
252 1135 362 1176 quibus
383 1140 538 1164 accusatus
561 1144 641 1170 sum,
658 1139 711 1163 aut
726 1144 744 1162 a
756 1134 865 1174 quibus
878 1134 1108 1172 condemnatus,

220 1178 317 1208 habeo
339 1177 420 1218 quod
442 1186 644 1213 succenseam,
668 1176 724 1206 nisi
748 1177 829 1216 quod
851 1177 927 1207 mihi
950 1188 1056 1208 nocere
1078 1189 1109 1208 se

220 1219 441 1251 crediderunt.”
465 1219 508 1249 Et
518 1219 582 1248 haec
592 1219 715 1259 quidem
725 1219 781 1249 hoc
793 1220 898 1250 modo:
917 1220 993 1250 nihil
1005 1227 1108 1252 autem

219 1264 328 1294 melius
343 1269 497 1293 extremo:
523 1264 544 1279 “
562 1262 622 1292 Sed
637 1268 756 1302 tempus
772 1263 848 1299 est,”
872 1263 982 1303 inquit,
1006 1266 1027 1281 “
1041 1265 1106 1302 jam

218 1306 289 1336 hinc
315 1306 396 1336 abire
419 1315 480 1343 me,
505 1310 540 1334 ut
562 1305 694 1340 moriar3
728 1315 789 1343 VOS,
818 1311 851 1335 ut
878 1306 971 1335 vitam
998 1307 1105 1346 agatis.

218 1350 332 1379 Utrum
349 1354 450 1378 autem
463 1348 501 1377 sit
515 1348 635 1384 melius,
648 1347 701 1377 Dii
716 1348 900 1378 immortales
917 1349 1033 1379 sciunt:
1051 1349 1105 1380 ho-

218 1392 332 1422 minem
348 1391 471 1432 quidem
488 1390 560 1420 scire
576 1391 702 1420 arbitror
716 1391 901 1420 neminem.''

259 1434 371 1465 XLII.
396 1434 426 1463 N
430 1444 454 1463 ae
467 1443 521 1473 ego
532 1433 615 1462 haud
626 1434 718 1473 paulo
732 1433 814 1463 hunc
829 1433 966 1464 animum
982 1434 1100 1472 malim,

218 1488 312 1519 quam
328 1486 431 1507 eorum
447 1476 585 1505 omnium
600 1476 746 1513 fortunas,
760 1477 813 1516 qui
828 1476 865 1506 de
879 1476 935 1507 hoc
947 1477 1101 1516 judicave-

216 1526 296 1551 runt.
314 1519 381 1550 Etsi
393 1519 474 1560 quod
485 1521 605 1559 (praeter
615 1518 709 1555 Deos)
720 1525 808 1558 negat
818 1519 890 1549 scire
902 1530 1100 1561 quemquam,

216 1563 249 1594 id
264 1563 317 1593 scit
332 1563 405 1602 ipse,
422 1567 526 1591 utrum
546 1561 655 1591 melius
670 1561 726 1591 sit:
750 1571 822 1591 nam
842 1562 920 1592 dixit
937 1570 1024 1593 ante:
1050 1564 1101 1593 sed

217 1616 308 1636 suum
332 1605 420 1643 illud,
439 1604 515 1633 nihil
539 1610 573 1634 ut
593 1603 732 1639 affirmet,
755 1610 836 1634 tenet
860 1605 898 1634 ad
919 1612 1101 1636 extremum.

218 1649 286 1680 Nos
300 1654 400 1678 autem
422 1653 589 1684 teneamus,
610 1652 645 1676 ut
665 1646 741 1676 nihil
762 1657 935 1678 censeamus
955 1658 1016 1678 esse
1036 1659 1103 1678 ma-

217 1692 295 1728 lum,
312 1690 393 1731 quod
416 1690 452 1720 sit
472 1700 490 1719 a
510 1689 619 1719 natura
639 1689 743 1719 datum
765 1690 928 1720 omnibus:
952 1690 1102 1731 intelliga-

218 1744 358 1776 musque,
375 1732 399 1763 si
414 1743 494 1764 mors
513 1733 631 1763 malum
652 1732 700 1770 sit,
717 1742 778 1764 esse
799 1733 1016 1774 sempiternum
1036 1743 1102 1765 ma·
