1226 1935
280 64 342 95 DE
367 63 563 101 FINIBUS,
582 62 659 94 Lm.
677 62 717 94 V.
735 63 818 97 CAP.
836 65 863 94 4.
972 64 1013 98 67

118 150 227 187 oratio,
244 150 375 186 attende,
397 160 510 190 quaeso,
526 150 633 186 Brute,
656 149 766 179 satisne
787 148 923 178 videatur
942 149 1011 178 An-

122 193 213 223 tiochi
238 194 397 234 complexa
422 204 484 223 esse
510 192 709 222 sententiam·
700 215 709 228 ,
742 202 793 232 qu
786 202 835 221 uu
863 191 929 227 tibi,
956 192 1010 232 qui

120 235 245 266 fratrem
269 237 341 284 ejus.
352 236 493 266 Aristum
515 235 686 276 frequenter
708 234 850 271 audieris,
874 234 1009 264 maxime

119 280 278 318 probatam
294 279 442 309 existimo.
467 278 516 308 Sic
532 283 575 308 est
590 278 683 318 igitur
697 278 825 308 locutus.

163 321 221 351 IV.
239 322 382 359 Quantus
394 327 517 351 ornatus
527 321 558 350 in
570 321 838 361 Peripateticorum
848 319 1007 360 ‹lisciplinst

115 363 165 401 sit,
183 364 253 394 satis
266 370 309 394 est
318 375 336 394 a
347 375 407 400 me,
419 370 453 394 ut
463 363 636 395 brevissime
648 363 744 404 potui,
760 363 853 403 paulo
863 368 932 392 ante
944 362 1007 393 dic-

116 412 193 436 tum.
226 407 286 437 Sed
302 413 345 437 est
360 408 458 437 forma
473 408 538 446 ejus
553 406 731 447 disciplinae,
748 406 824 436 sicut
839 405 901 435 fere
916 411 1003 435 caete-

114 459 229 487 rarum,
247 450 367 490 triplex.
391 450 463 480 Una
477 459 546 490 pars
561 455 605 479 est
619 454 735 479 naturae
748 459 757 484 ς
782 447 946 478 disserendi
961 449 1005 479 al-

114 497 178 523 tera
189 503 198 527 ;
222 492 343 523 vivendi
357 493 454 523 tertia.
478 493 599 522 Natura
610 492 652 522 sic
663 493 701 522 ab
710 491 747 522 iis
756 491 936 531 investigata
947 497 1003 529 est,

113 540 148 564 ut
163 535 248 565 nulla
263 546 332 576 pars
346 536 431 573 coelo,
455 535 544 573 mari,
566 535 656 573 terra,
679 537 728 569 (ut
747 534 863 575 po'ctice
881 534 1003 574 loquar)

112 579 311 618 praetermissa
337 579 384 608 sit.
408 578 599 616 Quinetiam,
624 588 695 608 cum
719 578 756 608 de
781 587 881 608 rerum
908 576 1002 607 initiis

110 621 256 661 omnique
277 621 393 652 mundo
413 621 506 651 locuti
527 626 634 658 essent,
651 627 686 651 ut
706 620 805 650 multa
827 629 887 650 non
908 619 1001 649 modo

110 664 260 704 probabili
281 664 553 704 argumentatione,
570 664 621 694 sed
642 664 733 694 etiam
749 662 913 693 necessaria
932 672 999 692 ma-

109 706 341 737 thematicorum
357 708 482 743 ratione,
495 706 706 737 concluderent
719 718 728 742 3
752 706 920 736 maximam
932 715 998 735 ma-

109 749 227 786 teriam,
244 761 282 780 ex
298 752 387 780 rebus
402 761 455 790 per
470 761 501 780 se
516 750 713 790 investigatis,
729 749 768 779 ad
780 759 881 780 rerum
897 749 997 779 occu]-

107 797 207 822 tarum
223 793 425 833 cognitionem
441 793 618 823 attulerunt.

150 835 327 866 Persecutus
342 842 386 866 est
395 835 573 867 Aristoteles
584 835 787 870 animantium
799 834 938 866 omnium
947 845 995 865 or-

107 883 167 915 tus,
184 879 292 915 victus,
315 879 445 919 figurase,
469 878 699 919 Theophrastus
723 884 824 911 autem
851 878 993 918 stirpium

106 927 240 958 naturas,
256 922 457 962 omniumque
470 921 532 951 fere
546 932 660 959 rerum,
676 932 745 962 quae
760 932 776 951 e
791 921 870 951 terra
887 921 993 961 gigne-

104 970 220 1001 rentur,
232 975 335 995 causas
344 970 436 1005 atque
444 964 574 995 rationes
585 975 594 1001 ς
605 964 668 1005 qua
682 975 720 994 ex
735 964 905 1004 cognitione
920 964 993 994 faci-

103 1007 162 1036 lior
184 1007 264 1037 facta
289 1013 333 1037 est
361 1007 550 1047 investigatio
576 1017 679 1037 rerum
708 1007 990 1042 occultissimarum.

105 1049 342 1090 Disserendique
364 1052 402 1080 ab
422 1050 530 1080 iisdem
551 1060 612 1080 non
631 1050 785 1083 dialectice
806 1050 917 1087 solum,
939 1049 991 1080 sed

100 1093 193 1123 etiam
202 1092 340 1131 oratorie,
356 1098 505 1133 praecepta
520 1098 590 1123 sunt
601 1093 711 1123 tradita
724 1104 732 1122 ε
756 1094 796 1123 ab
811 1092 991 1123 Aristotele-

101 1146 162 1176 que
177 1136 312 1176 principe
331 1135 369 1165 de
384 1136 510 1176 singulis
525 1137 615 1166 rebus
634 1136 668 1166 in
688 1141 850 1176 utramque
870 1141 988 1176 partem

99 1179 219 1209 dicendi
234 1179 406 1209 exercitatio
417 1185 462 1209 est
475 1179 625 1215 instituta,
641 1184 676 1208 ut
691 1189 751 1209 non
768 1184 872 1209 contra
885 1179 989 1208 omnia

99 1232 229 1262 semper,
243 1221 320 1252 sicut
334 1222 497 1257 Arcesilas,
513 1221 634 1259 diceret,
651 1227 681 1251 et
695 1227 809 1258 tamen,
826 1227 860 1250 ut
875 1221 906 1250 in
921 1231 989 1251 om-

100 1265 190 1295 nibus
206 1266 306 1301 rebus,
328 1264 478 1306 quidquid
493 1275 531 1295 ex
546 1264 676 1305 utraque
692 1270 776 1305 parte
796 1264 854 1294 dici
875 1270 985 1305 posset,

101 1313 301 1348 expromeret.

140 1350 222 1381 Cum
245 1356 348 1380 autem
374 1350 462 1381 tertia
487 1361 557 1391 pars
581 1351 658 1381 bene
688 1349 808 1381 vivendi
837 1356 987 1391 praecepta

95 1398 254 1434 quaereret,
277 1404 311 1424 ea
332 1403 454 1434 quoque
477 1399 520 1423 est
542 1395 580 1423 ab
602 1393 720 1429 iisdem,
740 1403 800 1423 non
825 1393 924 1423 solum
948 1394 986 1423 ad

94 1437 219 1478 privatae
237 1436 306 1467 vitae
324 1436 483 1473 rationem,
504 1436 556 1466 sed
576 1436 667 1466 etiam
689 1437 728 1466 ad
749 1437 988 1477 rerumpublica-

95 1490 164 1509 rum
180 1479 353 1516 rectionem,
369 1479 472 1511 relata-
496 1479 649 1510 Omnium
664 1479 726 1510 fere
740 1479 909 1516 civitatum,
926 1489 986 1510 non

97 1522 224 1553 Graeciae
243 1522 353 1558 solum,
375 1522 427 1552 sed
448 1522 539 1552 etiam
560 1523 727 1559 Barbariae,
749 1523 787 1552 ab
808 1523 984 1561 Aristotele,

96 1575 206 1603 mores,
230 1564 379 1601 instituta,
404 1564 596 1605 disciplinas3
626 1576 644 1596 a
670 1565 881 1605 Theophrasto
904 1566 986 1606 leges

95 1608 200 1645 etiam,
216 1608 421 1648 cognovimus.
445 1608 588 1649 Cumque
603 1613 730 1649 uterque
745 1619 849 1638 eorum
865 1608 984 1639 docuis-

96 1657 152 1688 set,
174 1651 297 1691 qualem
317 1650 350 1680 in
368 1651 524 1693 republica
538 1651 706 1692 principem
722 1662 784 1681 esse
799 1651 981 1689 conveniret,

93 1694 231 1734 pluribus
246 1698 389 1734 praeterea
403 1704 473 1724 cum
495 1694 668 1734 scripsisset,
690 1694 743 1734 qui
758 1700 834 1724 essct
849 1694 982 1734 optimus

91 1737 266 1777 reipublicae
281 1742 395 1773 statu53
419 1737 476 1768 hoc
497 1737 628 1778 amplius
651 1737 891 1778 Theophrastus,
912 1748 982 1778 quae
