1226 1935
258 49 319 80 DE
343 49 541 87 FINIBUS,
559 49 638 80 Lm.
656 48 696 80 V.
713 48 797 80 CAP.
814 50 865 79 24.
965 49 1007 80 93

120 136 268 166 bonomm
281 141 310 166 et
324 136 487 172 malorum,
501 135 618 175 justitia
633 136 663 165 in
680 145 734 165 suo
749 134 858 175 cuique
873 134 1008 164 tribuen-

121 178 169 208 do.
202 178 335 216 Quando
349 179 442 219 igitur
456 179 534 209 inest
553 178 585 208 in
600 179 683 208 omni
700 178 809 208 virtute
831 188 902 208 cura
925 188 1008 218 quae-

120 221 192 250 dam
213 221 298 261 quasi
318 222 397 251 foras
419 228 566 262 spectans,
591 222 725 262 aliosque
750 226 893 261 appetens
917 226 1009 260 atque

120 264 332 304 complectens,
352 265 466 294 exsistit
489 264 576 300 illud,
599 271 633 294 ut
653 263 754 301 amici,
777 269 813 293 ut
832 263 948 299 fratres,
975 268 1010 292 ut

121 307 295 347 propinqui,
321 313 355 336 ut
374 308 488 342 aflines,
515 313 548 336 ut
570 307 659 344 cives,
681 312 715 336 ut
737 316 841 336 omnes
866 305 1008 345 denique,

121 349 258 389 (quando
284 360 377 380 unam
399 350 569 380 societatem
589 350 750 380 hominum
769 360 831 380 esse
853 349 1009 385 volumus)

122 398 243 432 propter
258 403 288 422 se
304 393 463 433 expetendi
479 393 547 423 sint.

164 436 271 476 Atque
289 446 393 466 eorum
415 436 491 465 nihil
510 442 554 466 est
572 437 636 475 ejus
655 435 782 476 generis,
798 441 833 465 ut
848 435 885 465 sit
900 434 931 464 in
947 434 1008 464 fine

121 484 214 518 atque
229 484 363 509 extremo
378 480 537 509 bonorum.
564 479 612 509 Ita
622 479 668 516 fit,
686 485 721 508 ut
730 479 790 508 duo
800 488 909 518 genera
918 488 1010 518 prop-

122 526 167 550 ter
185 531 215 551 se
236 521 472 562 expetendorum
497 522 705 562 reperianturg
729 531 839 558 unum,
864 521 946 561 quod
967 525 1012 550 est

122 563 153 592 in
178 564 224 601 iis,
247 564 278 594 in
303 565 414 605 quibus
434 566 602 605 completur
622 565 699 594 illud
721 570 916 599 extremum;
941 574 1010 604 quae

123 613 195 636 sunt
210 613 262 636 aut
277 608 382 645 animi,
400 614 453 638 aut
468 608 607 649 corporis.
633 608 709 638 Haec
725 614 838 645 autem⁷
856 617 924 647 quae
940 612 1012 636 sunt

121 649 315 688 extrinsecus,
332 651 363 680 id
378 657 432 699 est,
449 662 518 691 quae
533 661 631 692 neque
646 651 677 680 in
699 651 800 680 animo
819 656 890 680 sunt
912 659 1012 690 neque

120 692 151 722 in
168 703 300 733 corpore,
317 700 351 723 ut
367 694 466 730 amici,
491 700 524 724 ut
545 700 693 734 parentes,
711 700 745 723 ut
764 693 862 729 liberi,
886 698 920 722 ut
941 702 1012 732 pro-

122 735 241 775 pinqui,
258 743 292 765 ut
312 736 377 777 ipsa
397 737 504 777 patria,
521 743 592 767 sunt
612 737 664 766 illa
683 736 807 777 quidem
830 736 886 766 suit
905 741 1012 776 sponte

122 788 211 815 cara3
236 779 287 808 scd
303 779 431 809 eodem
423 790 455 809 111
470 790 589 820 genere,
607 790 667 820 quo
683 780 746 817 issa,
763 789 824 809 non
841 784 930 809 sunt.
955 788 1010 807 nec

120 831 191 851 vero
217 822 387 870 quisquam.
404 833 561 852 summum
585 824 700 852 bonum
731 822 849 863 assequi
874 831 1012 861 unquam

120 870 229 904 posset,
256 865 280 895 si
306 865 408 895 onmia
433 865 496 903 ina,
519 876 587 906 quae
609 872 679 895 sunt
705 871 800 903 extra,
822 873 1012 906 quamquam

123 907 301 947 expetenda,
319 918 439 938 summo
454 909 534 938 bono
550 909 782 939 continerentur.

165 950 294 981 XXIV.
328 952 400 989 Quo
424 951 515 981 modo
539 951 642 992 igitur,
667 951 797 992 inquies,
821 961 927 981 verum
951 960 1013 980 esse

121 993 241 1034 poterit,
259 994 362 1024 omnia
375 994 478 1024 referri
503 994 541 1024 ad
568 1004 725 1024 summum
743 995 872 1031 bonum,
889 993 913 1023 si
935 993 1012 1022 aini-

121 1037 210 1075 cstiae,
227 1037 251 1067 si
277 1037 527 1078 propinquitates,
550 1037 574 1067 si
598 1037 715 1077 reliqua
739 1043 874 1074 externa,
892 1046 1013 1066 summo

122 1081 202 1110 bono
218 1090 278 1110 non
294 1080 510 1111 continentur?
536 1080 606 1110 Hac
629 1080 767 1111 videlicet
787 1079 912 1117 ratione,
932 1078 1014 1119 quod

122 1133 168 1160 ea,
184 1134 253 1164 quae
268 1129 392 1153 externa
412 1130 492 1161 sunt,
518 1123 553 1153 115
568 1129 690 1153 tuemur
705 1123 808 1153 officiis
824 1133 892 1163 quae
907 1122 1012 1152 oriun-

124 1172 172 1195 tur
188 1177 206 1196 a
226 1177 280 1196 suo
303 1167 449 1207 cujusque
469 1176 577 1206 genere
595 1166 723 1196 virtutis.
760 1166 844 1196 Nam
869 1171 898 1195 et
923 1164 1012 1194 amici

124 1209 234 1246 cultus,
251 1215 280 1239 et
294 1207 436 1249 parentis,
454 1216 483 1239 et
498 1210 551 1250 qui
567 1209 663 1239 officio
684 1209 834 1249 fungitur,
851 1208 882 1238 in
899 1218 933 1238 eo
948 1208 1014 1248 ipso

124 1252 256 1293 prodest,
273 1252 366 1293 quod,
391 1252 433 1282 ita
449 1252 538 1292 fungi
556 1252 664 1290 officio,
680 1252 711 1281 in
733 1257 812 1282 recte
836 1251 922 1281 factis
945 1256 1012 1286 θεῖς

126 1306 195 1336 quae
210 1301 281 1325 sunt
295 1303 361 1325 orta
376 1295 546 1325 virtutibus.
570 1296 650 1333 Quae
665 1295 789 1336 quidem
805 1294 953 1335 sapientes
969 1304 1016 1324 se-

125 1344 273 1379 quuntur,
290 1344 407 1368 utentes
423 1344 581 1379 tamquam
597 1338 673 1368 duce
689 1336 806 1368 natura.

169 1382 242 1411 Non
262 1381 386 1422 perfecti
406 1387 509 1411 autem
533 1381 682 1417 homines,
708 1387 737 1411 et
760 1387 861 1411 tamen
886 1379 1017 1420 ingeniis

126 1424 341 1454 excellentibus
364 1424 493 1465 praediti,
519 1425 688 1455 excitantur
712 1435 789 1464 saepe
812 1422 918 1464 gloria,
945 1433 1014 1463 quae

126 1467 217 1497 habet
231 1467 361 1497 formam
376 1467 549 1503 honestatis,
567 1473 595 1497 et
611 1467 850 1497 similitudinem.
875 1465 968 1503 Quod
990 1465 1015 1494 si

128 1510 225 1550 11151111
240 1510 426 1540 honestatem
443 1510 578 1551 undique
598 1510 761 1550 perfectam
782 1516 811 1540 et
831 1509 1015 1546 absolutam,

128 1563 192 1583 rem
222 1562 316 1582 unam
346 1553 551 1601 Ρτοῆε1311551111
555 1563 605 1583 am
634 1553 785 1589 omnium,
819 1552 1015 1591 maximeque

129 1595 325 1632 laudandam,
342 1596 461 1636 penitus
477 1596 631 1632 viderent3
655 1606 789 1637 quonam
808 1595 918 1636 gaudio
934 1604 1018 1625 com-

130 1639 293 1679 plerentur,
318 1648 388 1669 cum
413 1644 567 1680 tantopere
590 1640 654 1678 ejus
678 1638 859 1669 adumbrata
875 1637 1016 1678 opinione

130 1683 269 1711 laetentur
280 1683 294 1711 Ρ

172 1723 275 1762 Quem
297 1725 389 1764 enim,
417 1724 554 1756 deditum
575 1725 791 1767 voluptatibus,
813 1723 1014 1765 cupiditatum
