1180 1935
200 112 263 143 352
298 112 359 145 DE
384 114 492 146 NAT.
518 107 760 146 DEOR.'L11³.
779 113 825 145 11.
851 114 934 146 οη.
955 115 1001 145 15.

198 204 267 230 tus:
292 206 407 241 quanto
427 201 520 242 igitur
540 202 571 231 in
587 201 703 232 mundo
724 201 863 232 facilius!
899 200 957 231 Est
973 210 1043 241 ergo
1058 200 1090 230 in

199 251 234 272 eo
249 243 353 273 virtus.
378 245 504 285 Sapiens
520 251 563 275 est
578 245 681 285 igitur,
699 251 727 275 et
742 250 900 285 propterea
915 243 1010 274 Deus.

242 285 317 316 XV.
341 287 459 328 Atque,
483 288 539 318 hac
554 288 662 317 mundi
678 288 835 318 divinitate
850 287 1016 328 perspecta,
1039 286 1091 316 tri-

199 329 322 359 buenda
336 336 380 360 est
401 331 547 361 sideribus
568 331 673 361 eadem
692 331 853 365 divinitas;
878 341 947 371 quae
969 340 1005 359 ex
1026 339 1093 359 mo-

199 372 346 402 bilissima
362 374 584 415 purissinrfrque
596 374 714 404 aetheris
729 380 813 414 parte
828 374 1017 414 gignunturg
1042 382 1095 402 ne-

201 425 260 454 que
273 416 336 445 ulla
351 422 494 456 praeterea
510 423 579 447 sunt
595 416 732 447 admixta
747 417 867 454 natura,
884 422 1008 456 totaque
1024 420 1095 445 sunt

201 458 299 488 calida
319 464 409 499 atque
430 460 601 500 pellucidag
626 466 661 490 ut
682 471 716 490 ea
737 470 859 500 quoque
880 459 1043 489 rectissime
1066 463 1096 488 et

201 501 369 532 animantia
384 513 457 538 esse,
475 509 504 533 et
520 503 627 533 sentire
643 509 734 543 atque
749 503 927 542 intelligere,
945 502 1094 531 dicantur.

200 545 308 584 Atque
328 556 362 575 ea
383 545 507 586 quidem
529 552 591 576 tota
610 557 672 576 esse
687 546 786 586 ignea,
804 545 934 574 duorum
951 554 1096 574 sensuum

201 588 373 617 testimonio
386 589 557 618 confirmari
574 589 735 619 Cleanthes
748 594 846 629 putat,
860 590 966 624 tactus,
984 594 1013 617 et
1025 598 1096 617 ocu-

202 630 313 659 lorum.
345 631 429 660 Nam
446 632 514 661 solis
530 632 641 662 candor
656 631 802 661 illustrior
817 637 871 667 est,
889 641 981 671 quam
1003 631 1097 660 ullius

204 673 295 713 ignis,
313 674 426 714 quippe
441 675 494 715 qui
506 675 656 705 immenso
669 674 785 704 mundo
797 680 860 704 tam
876 674 966 714 longe
977 673 1098 713 lateque

205 717 370 746 colluceat:
396 723 425 747 et
440 718 464 747 is
480 719 544 757 ejus
560 724 657 748 tactus
676 723 729 753 est,
752 727 812 747 non
829 723 863 747 ut
879 716 1037 757 tepefaciat
1053 727 1099 746 so-

205 760 284 795 lum,
309 760 360 789 sed
381 761 472 790 etiam
494 772 572 802 saepe
595 763 774 791 comburat:
799 770 930 801 quorum
955 766 1099 789 neutrum

203 802 325 839 faceret,
350 803 407 832 nisi
423 810 498 834 esset
513 805 628 844 igneus.
653 804 748 844 Ergo,
771 803 883 844 inquit,
907 812 977 832 cum
994 803 1037 832 sol
1053 802 1099 842 ig-

206 855 281 875 neus
302 846 350 882 sit,
376 846 553 887 Oceanique
574 848 673 877 alatur
694 847 874 876 humoribus
895 845 1100 886 (quianullus

205 888 284 929 ignis
309 889 372 919 sine
392 896 481 930 pastu
505 891 608 931 aliquo
631 890 723 930 possit
746 894 957 930 permanere);
981 898 1099 918 necesse

206 937 261 969 est,
286 938 339 962 aut
354 932 380 962 ei
397 933 503 962 similis
518 933 555 963 sit
570 933 634 973 igni
650 943 741 974 quem
758 932 938 962 adhibemus
953 931 990 961 ad
1007 941 1099 961 usum

205 980 297 1015 atque
313 975 350 1005 ad
372 975 498 1015 victum,
515 982 568 1006 aut
583 976 610 1006 ei
625 977 679 1017 qui
700 975 874 1016 corporibus
893 974 1098 1005 animantium

206 1024 386 1048 continetur.

251 1062 357 1102 Atque
372 1062 421 1092 hic
437 1068 536 1092 noster
555 1062 644 1103 ignis,
661 1073 753 1103 quem
775 1072 848 1092 usus
870 1061 939 1091 vitae
959 1060 1098 1101 requirit,

208 1104 359 1134 confector
375 1111 418 1135 est
434 1111 462 1135 et
478 1111 650 1136 consumtor
666 1106 805 1136 omnium
818 1116 827 1139 ς
852 1104 1006 1144 idemque,
1024 1114 1101 1144 quo-

207 1157 340 1188 cumque
351 1148 471 1185 iuvasit,
487 1155 596 1179 cuncta
607 1149 757 1179 disturbat
769 1158 802 1178 ac
815 1147 948 1187 dissipat.
973 1146 1098 1183 Contra,

209 1190 261 1220 ille
277 1200 447 1231 corporeus,
468 1191 566 1221 vitalis
588 1198 616 1222 et
637 1191 787 1226 salutaris,
810 1190 913 1220 omnia
934 1196 1100 1227 conservat,

208 1234 273 1270 alit,
299 1240 401 1273 auget,
429 1235 567 1271 sustinet,
593 1245 742 1275 sensuque
765 1234 865 1264 afficit.
905 1233 1008 1273 Negat
1030 1243 1101 1273 ergo

209 1287 271 1306 esse
287 1277 428 1311 dubium,
446 1277 556 1307 horum
572 1278 691 1318 ignium
707 1278 751 1307 sol
767 1277 826 1307 utri
842 1276 948 1306 similis
964 1276 1013 1313 sit,
1030 1286 1101 1305 cum

209 1319 234 1349 is
250 1330 372 1360 quoque
388 1320 496 1350 efficiat
516 1326 551 1350 ut
571 1321 674 1351 onmia
695 1321 831 1357 floreant,
850 1326 879 1349 et
899 1319 930 1348 in
948 1329 1002 1348 suo
1018 1329 1101 1359 quae-

209 1373 269 1403 que
285 1373 392 1403 genere
408 1365 582 1403 pubescant.
607 1364 724 1401 Quare,
738 1374 808 1394 cum
821 1363 890 1393 solis
902 1362 980 1402 ignis
996 1362 1102 1392 similis

210 1416 315 1435 eorum
326 1406 445 1446 ignium
456 1407 492 1436 sit
503 1407 556 1448 qui
567 1413 637 1437 sunt
649 1407 680 1436 in
693 1407 867 1447 corporibus
879 1405 1081 1435 animantium
1091 1416 1101 1441 ;

211 1449 304 1478 solem
321 1460 442 1490 quoque
458 1450 643 1480 animantem
660 1460 722 1479 esse
737 1454 865 1490 oportet,
879 1454 908 1478 et
920 1448 1044 1489 quidem
1057 1459 1104 1478 re-

210 1492 296 1532 liqua
308 1498 397 1530 astra,
409 1503 477 1533 quae
490 1494 625 1523 oriantur
636 1493 668 1522 in
680 1492 785 1523 ardore
797 1492 918 1531 coelesti,
932 1491 985 1532 qui
997 1491 1102 1530 aether,

212 1535 260 1565 vel
276 1535 397 1573 coelum,
415 1536 598 1566 nominatur.

254 1578 335 1608 Cum
361 1578 454 1618 igitur
479 1579 610 1609 aliorum
634 1579 838 1609 animantium
860 1583 943 1608 ortus
965 1577 997 1606 in
1020 1577 1101 1607 terra

211 1621 260 1658 sit,
284 1621 413 1651 aliorum
436 1621 467 1651 in
490 1622 582 1662 aquit,
607 1623 639 1652 in
662 1625 730 1652 a'e're
753 1622 905 1657 aliorumg
934 1620 1101 1650 absurdum

212 1675 275 1695 esse
295 1664 454 1694 Aristoteli
475 1665 605 1701 videtur,
628 1666 659 1695 in
682 1666 717 1695 eit
732 1671 828 1706 parte,
845 1675 914 1705 quae
930 1663 967 1693 sit
982 1663 1020 1693 ad
1035 1663 1102 1703 gig-

212 1707 313 1737 nenda
342 1707 487 1738 animalia
519 1709 686 1748 aptissima,
717 1708 832 1738 animal
861 1706 945 1747 gigni
980 1707 1103 1736 nullum

214 1757 331 1791 putare.
366 1750 472 1781 Sidera
496 1758 599 1781 autem
626 1752 791 1782 aethereum
816 1751 919 1781 locum
945 1749 1103 1784 obtinent;

211 1795 265 1835 qui
281 1793 428 1835 quoniam
444 1794 640 1826 tenuissimus
661 1800 716 1833 est,
734 1800 764 1826 et
784 1804 903 1835 semper
924 1792 1055 1834 agitatur
1075 1797 1105 1822 et
