1226 1935
187 62 246 93 150
313 60 435 92 TUSC.
458 59 629 100 QUAEST.
648 59 726 90 Lm.
741 60 768 90 Ι.
782 59 865 91 CAP.
879 60 931 96 47.

188 146 281 185 enim,
298 147 383 178 nullo
398 147 430 178 in
444 147 526 178 malo
540 152 675 177 mortuos
687 156 758 176 esse.
791 145 850 177 Sed
865 147 904 176 ob
920 154 986 176 eam
1002 154 1074 175 cau-

188 200 253 220 sam
269 190 419 228 contendi,
436 196 470 220 ut
484 190 572 230 plura
586 189 726 226 dicerem,
740 189 821 229 quod
836 189 868 218 in
884 187 1028 218 desiderio
1043 192 1074 217 et

189 232 275 262 luctu
291 232 355 262 haec
371 238 414 262 est
429 233 589 262 consolatio
604 233 747 262 maxima.
773 232 922 261 Nostrum
937 231 1030 268 enirn,
1047 235 1078 259 et

192 275 295 305 nostra
310 286 399 305 causa
415 282 598 316 susceptum,
615 275 749 305 dolorem
764 274 881 304 modice
897 273 973 303 ferre
989 273 1079 302 debe-

192 328 273 355 mtlS,
296 328 333 347 ne
353 318 527 358 nosmetipsi
548 328 648 348 amare
670 317 835 347 videamur.
868 316 928 346 Illa
949 315 1078 356 suspicio

191 360 373 390 intolerabili
394 361 495 390 dolore
517 361 640 397 cruciat,
658 360 682 389 si
701 360 862 400 opinamur
882 369 943 407 eos,
965 359 1077 399 quibus

195 402 293 433 orbati
316 413 432 441 sumus,
460 414 521 433 esse
544 413 614 433 cum
638 402 741 442 aliquo
763 412 850 433 sensu
871 402 902 431 in
923 402 959 431 iis
981 400 1080 438 malis,

196 445 308 486 quibus
324 446 415 486 vulgo
435 446 605 486 opinantur.
639 445 729 475 Hanc
750 451 887 475 excutere
908 444 1082 484 opinionem

196 488 337 518 mihimet
352 488 433 518 volui
449 488 610 522 radicitus;
634 497 729 527 eoque
743 487 789 516 fui
804 487 926 517 fortasse
941 487 1068 527 longior.

241 530 385 561 XLVII.
409 531 554 560 Auditor.
578 530 629 560 Tu
651 530 793 569 longior?
827 540 887 559 non
908 530 985 559 mihi
1014 529 1082 569 qui-

197 573 269 604 dem
281 584 288 603 :
314 573 394 613 prior
409 573 490 603 enim
506 583 574 613 pars
586 573 726 603 orationis
738 578 798 602 tuae
810 572 947 609 faciebat,
960 577 995 601 ut
1006 571 1084 601 mori

199 625 360 655 cuperem:
385 615 540 656 posterior,
558 621 591 645 ut
606 615 697 645 modo
709 625 768 645 non
785 615 908 651 nollem,
921 615 1012 644 modo
1024 624 1085 644 non

200 659 378 688 laborarem.
410 658 507 688 Omni
522 664 623 688 autem
639 657 772 688 oratione
786 657 863 687 illud
879 663 957 688 certe
971 657 1085 698 perfec-

201 706 269 730 tum
285 706 339 738 est,
356 706 390 731 ut
405 706 534 731 mortem
549 711 609 730 non
626 700 765 731 ducerem
780 700 810 730 in
827 700 925 730 malis.

245 745 389 773 Marcus.
401 744 487 773 Num
500 743 592 784 igitur
604 743 694 773 etiam
707 744 860 773 rhetorum
871 743 1025 783 epilogum
1035 742 1087 773 de-

202 786 369 817 sideramus
380 788 394 816 ?
417 796 456 816 an
467 787 532 825 jam
548 786 626 816 hanc
644 792 739 816 artem
754 786 844 826 plane
862 786 1060 826 relinquimus
1073 788 1087 816 ?

202 829 350 859 Auditor.
374 828 426 859 Tu
451 839 520 860 vero
543 828 632 859 istam
653 839 691 859 ne
710 829 875 869 reliqueris,
898 839 991 869 quam
1010 838 1089 858 sem-

202 882 258 912 per
272 872 404 908 ornasti;
429 877 458 902 et
472 871 596 912 quidem
609 872 696 910 jure:
721 871 773 901 illa
787 872 869 902 enim
884 877 914 901 te
930 874 1047 905 (verum
1065 871 1089 901 si

203 914 289 955 loqui
305 915 457 952 volumus)
473 921 637 944 ornaverat.
661 914 721 944 Sed
733 914 859 954 quinam
870 920 913 944 est
927 914 982 944 iste
998 915 1091 954 epilo-

204 968 280 997 gus.
273 959 286 979 ‘³
310 968 383 987 aveo
398 957 478 988 enim
494 957 607 995 audire,
621 957 769 998 quidquid
782 963 835 987 est.

249 1001 392 1030 Marcus.
417 996 555 1030 Deorum
571 1000 789 1030 immortalium
808 1000 922 1039 judicia
942 1000 1038 1030 solent
1057 1001 1089 1030 in

206 1042 315 1073 scholis
336 1042 466 1083 proferre
486 1041 523 1073 de
543 1048 650 1079 morte,
673 1052 727 1073 nec
748 1053 816 1073 vero
840 1054 874 1073 ea
896 1043 1029 1083 fingere
1022 1043 1091 1084 1psi,

204 1085 259 1115 sed
280 1085 436 1115 Herodoto
459 1091 589 1123 auctore,
615 1085 741 1125 aliisque
764 1085 911 1126 pluribus.
950 1086 1092 1116 Primum

206 1128 314 1167 Argiae
334 1128 492 1158 sacerdotis
508 1128 628 1158 Cleobis
643 1134 672 1157 et
691 1128 784 1157 Biton
806 1128 860 1157 filii
880 1128 1091 1168 praedicantur.

207 1170 294 1200 Nota
308 1170 412 1201 fabula
427 1177 488 1201 est:
507 1180 577 1200 cum
593 1171 674 1200 enim
689 1170 773 1200 illam
789 1170 828 1200 ad
844 1171 976 1202 sollenne
991 1178 1020 1202 et
1035 1178 1095 1202 sta-

208 1218 276 1242 tum
293 1213 470 1243 sacrificium
489 1224 577 1243 curru
599 1213 697 1243 vehi
685 1224 737 1252 Jus
752 1219 837 1251 esset,
854 1214 924 1244 satis
944 1213 1034 1254 longe
1055 1216 1094 1245 ab

208 1255 322 1296 oppido
351 1256 389 1286 ad
418 1256 536 1294 fanum,
566 1262 815 1304 morarenturque
840 1257 1000 1295 jumenta3
1024 1263 1098 1287 tunc

207 1298 335 1336 juvenes
349 1299 381 1336 ii,
398 1309 474 1339 quos
488 1298 578 1329 modo
594 1298 759 1336 nominavi,
773 1304 853 1329 veste
868 1299 976 1339 posita,
993 1310 1097 1340 corpo-

209 1351 245 1370 ra
259 1341 324 1371 oleo
339 1347 564 1382 perunxerunt:
588 1341 651 1371 ad
639 1351 751 1381 Jugum
766 1348 960 1372 accesserunt.
985 1342 1034 1372 Ita
1049 1353 1096 1373 sa-

210 1384 314 1414 cerdos
329 1384 475 1414 advecta'
467 1394 497 1414 m
514 1384 631 1421 fanum,
648 1394 718 1414 cum
734 1394 838 1414 currus
856 1390 931 1414 esset
946 1384 1055 1415 ductus
1076 1396 1096 1416 a

209 1425 291 1464 filiis,
308 1433 427 1466 precata
446 1437 464 1457 a
484 1426 552 1457 Dea
571 1426 691 1464 dicitur,
707 1433 742 1456 ut
762 1427 821 1457 illis
837 1427 997 1467 praemium
1013 1428 1098 1458 daret

211 1480 267 1509 pro
290 1470 412 1509 pietate,
434 1469 517 1510 quod
540 1469 711 1499 maximum
732 1469 849 1499 homini
870 1469 935 1499 (lari
958 1476 1057 1510 posset
1079 1482 1099 1501 a

212 1512 301 1542 Deo:
326 1518 394 1552 post
413 1513 548 1552 epulatos
570 1523 639 1542 cum
662 1518 759 1542 matre
780 1512 978 1543 adolescentes
993 1523 1099 1544 somno

212 1565 245 1585 se
260 1554 385 1592 dedisse,
402 1565 491 1585 mane
506 1555 641 1585 inventos
657 1566 718 1585 esse
733 1561 876 1586 mortuos.

256 1597 356 1627 Simili
371 1597 539 1638 precatione
554 1597 749 1638 Trophonius
763 1604 792 1628 et
804 1597 977 1638 Agamedes
991 1598 1038 1628 usi
1053 1598 1100 1628 di-

213 1646 344 1675 cuntum
368 1640 432 1680 qui,
446 1651 514 1670 cum
527 1640 666 1681 Apollini
679 1640 807 1682 Delphis
823 1641 972 1681 templum
987 1641 1098 1671 exaedi-

213 1683 391 1720 ficavissent,
418 1690 591 1713 venerantes
615 1683 729 1721 Deum,
755 1684 906 1724 petierunt
928 1684 1096 1714 mercedem

212 1735 273 1756 non
288 1735 412 1767 parvam
424 1726 548 1767 quidem
563 1726 660 1768 operis
682 1732 712 1758 et
725 1727 835 1760 laboris
850 1726 908 1767 sui,
920 1726 998 1759 nihil
1012 1727 1097 1765 certi,
