1226 1935
225 87 288 118 206
344 87 467 118 TUSC.
484 87 657 126 QUAEST.
676 87 754 118 Lm.
772 88 838 119 III.
852 88 934 119 CAP.
946 89 998 118 25.

221 173 376 204 accidere
368 174 403 204 1is
416 174 469 216 qui
485 180 554 205 ante
564 174 761 211 meditantur,
775 174 879 215 quod
871 174 907 204 iis
920 173 1031 215 quibus
1045 182 1112 203 me-

222 216 311 246 detur
328 216 410 253 dies;
436 218 493 248 nisi
514 218 596 258 quod
617 218 692 248 ratio
713 217 836 259 quidem
857 223 943 247 sanat
962 217 1040 253 illos,
1056 215 1111 246 hos

223 258 289 299 ipsa
303 266 421 298 natura,
438 261 588 291 intellecto
610 271 644 290 eo
663 261 744 310 quod
766 261 934 291 remedium
950 259 1026 290 illud
1042 269 1112 289 con-

222 302 318 338 tinet;
343 304 472 341 malum,
489 304 571 345 quod
587 304 701 344 opinati
713 304 772 334 sint
788 315 848 334 esse
863 303 1047 337 maximum,
1062 312 1114 332 ne-

223 356 381 387 quaquam
397 357 458 377 esse
475 353 606 383 tantunn
623 353 658 377 ut
673 347 765 377 vitam
781 348 900 377 beatam
916 346 1009 387 possit
1031 355 1112 375 ever-

223 394 294 419 tere.
330 390 400 420 Hoc
411 390 504 430 igitur
516 390 653 427 efficitur,
667 396 701 420 ut
713 401 750 420 ex
766 390 818 420 illo
830 390 1006 430 necopinato
1021 389 1113 429 plaga

222 433 320 471 major
335 433 389 468 site,
411 443 471 463 non
488 438 522 463 ut
537 433 581 463 ini
597 439 717 473 putant,
734 439 779 469 ut,
797 443 867 463 cum
887 433 1006 463 duobus
1026 441 1113 472 pares

223 485 308 506 casus
332 477 495 513 evenerint,
519 476 544 506 is
568 476 660 506 modo
683 476 859 516 aegritudine
882 476 1038 512 afficiatur,
1063 474 1113 504 cui

224 518 275 548 ille
291 519 468 559 necopinato
483 530 568 549 casus
583 519 722 549 evenerit.
759 520 868 559 Itaque
879 519 1021 549 dicuntur
1036 527 1113 547 non-

221 561 299 591 nulli
322 562 353 591 in
374 572 511 599 moerore,
536 572 607 592 cum
633 562 670 592 de
693 562 749 592 hac
770 562 925 592 communi
949 561 1111 591 hominum

221 604 392 635 conditione
408 605 601 641 audivissent,
619 605 654 635 ea
668 605 734 645 lege
746 615 807 635 esse
822 615 876 635 nos
896 611 992 642 natos,
1008 610 1043 634 ut
1058 614 1111 633 ne-

222 656 274 677 mo
294 647 325 678 in
348 654 531 688 perpetuum
554 659 615 678 esse
634 654 734 689 posset
754 658 859 689 expers
882 647 968 685 mali,
991 647 1113 687 gravius

221 690 313 720 etiam
329 692 442 721 tulisse.

264 734 373 764 XXV.
392 734 543 772 Quocirca
555 734 724 765 Carneades
737 736 785 769 (ut
796 734 882 765 video
893 739 1030 764 nostrum
1043 732 1114 763 scri-

220 777 290 807 bere
306 777 510 815 Antiochum)
530 778 745 819 reprehendere
761 777 967 818 Chrysippum
987 777 1112 814 solebat,

221 820 397 851 laudantem
414 821 616 862 Euripideum
632 831 752 851 carmen
767 821 865 856 illud;

265 866 288 881 “
306 864 448 894 Mortalis
463 874 554 894 nemo
569 870 623 901 est,
637 874 729 905 quem
745 874 805 894 non
821 864 950 904 attingat
964 863 1060 902 dolor,

266 907 468 948 Morbusque.
494 906 639 948 [Multis]
657 914 728 938 sunt
742 907 891 938 humandi
906 907 1004 944 liberi,

264 950 402 981 Rursum
418 951 552 981 creandi:
577 961 718 991 morsque
733 957 777 981 est
794 950 910 991 [finita]
925 949 1078 986 omnibus,

263 993 344 1031 Quae
358 993 461 1034 generi
483 994 618 1024 humano
634 1003 779 1034 angorem
796 1004 833 1024 ne
848 993 1018 1035 quidquam
1038 992 1111 1023 affe-

351 1043 432 1067 runt.

262 1079 433 1110 Reddenda
448 1085 491 1110 est
506 1085 591 1110 terrae
606 1085 699 1110 terra:
724 1085 791 1110 tum
804 1079 865 1110 vita
880 1079 1022 1109 omnibus

263 1122 422 1159 Metenda‚
439 1129 474 1152 ut
488 1122 599 1163 fruges.
624 1123 673 1153 Sic
686 1123 773 1162 jubet
788 1122 977 1154 necessitas.'’

220 1165 362 1206 Negabat
381 1176 476 1206 genus
496 1165 552 1196 hoc
572 1165 713 1196 orationis
734 1166 903 1207 quidquam
927 1165 1051 1196 omnino
1071 1164 1110 1195 ad

217 1208 378 1239 levandam
394 1209 603 1249 aegritudinem
616 1209 772 1250 pertinere.
799 1209 836 1239 Id
851 1209 932 1239 enim
947 1209 1048 1250 ipsum
1059 1208 1112 1238 do-

217 1251 343 1283 lendum
360 1262 421 1282 esse
436 1252 564 1289 dicebat,
589 1252 670 1293 quod
686 1252 717 1281 in
734 1258 796 1282 tam
818 1253 970 1282 crudelem
986 1252 1112 1282 necessi-

218 1300 312 1325 tatem
323 1295 539 1325 incidissemus.
565 1296 648 1325 Nam
661 1296 746 1325 illam
759 1295 882 1336 quidem
898 1296 1063 1326 orationem
1075 1305 1112 1325 ex

219 1338 504 1368 commemoratione
525 1338 693 1368 alienorum
717 1339 868 1368 malorum
889 1339 927 1369 ad
946 1338 1110 1369 malevolos

219 1381 414 1411 consolandos
438 1392 500 1411 esse
524 1382 790 1412 accommodatam.
824 1382 906 1412 Mihi
932 1392 1001 1412 vero
1023 1382 1113 1421 longe

218 1423 338 1454 videtur
353 1435 435 1455 secus
448 1436 455 1454 x
481 1434 553 1454 nam
570 1430 598 1455 et
617 1425 774 1455 necessitas
789 1425 918 1455 fercndae
934 1424 1111 1455 conditionis

219 1466 364 1497 humanae
387 1468 473 1508 quasi
494 1478 563 1498 cum
581 1468 648 1498 Deo
669 1478 805 1509 pugnare
830 1468 981 1509 prohibet,
1005 1468 1111 1498 admo-

218 1515 331 1550 netque
344 1521 405 1540 esse
417 1511 572 1541 hominem
585 1523 592 1541 :
618 1522 687 1552 quae
702 1511 841 1552 cogitatio
853 1521 1036 1552 magnopere
1047 1511 1112 1541 luc-

219 1558 288 1583 tum
302 1553 402 1583 levat:
427 1559 456 1584 et
471 1555 657 1584 enumeratio
673 1555 895 1595 exemplorum,
920 1565 980 1585 non
997 1560 1031 1584 ut
1046 1554 1111 1584 ani-

218 1606 308 1626 mum
323 1597 541 1627 malevolorum
558 1598 696 1634 oblectet,
714 1597 847 1633 affertur,
865 1598 915 1627 sed
932 1603 966 1628 ut
977 1597 1039 1634 ille,
1056 1597 1110 1638 qui

218 1645 335 1677 moeret,
352 1639 511 1670 ferendum
527 1640 583 1671 sibi
599 1640 630 1670 id
646 1646 773 1677 censeat
791 1640 872 1681 quod
887 1641 986 1671 videat
998 1640 1112 1671 multos

218 1682 373 1713 moderate
388 1689 417 1713 et
431 1683 595 1724 tranquille
606 1684 719 1714 tulisse.
751 1664 907 1714 Omnibus
919 1684 1000 1714 enim
1011 1683 1111 1714 modis

218 1725 364 1756 fulciendi
376 1732 458 1764 sunt,
474 1727 529 1768 qui
540 1733 645 1765 ruunt,
658 1737 712 1757 nec
723 1727 871 1758 cohaerere
882 1733 1008 1777 possunt
1018 1737 1109 1767 prop-

220 1773 265 1802 ter
276 1769 520 1812 magnitudinem
535 1770 732 1812 aegritudinis.
769 1770 821 1802 Ex
836 1780 898 1813 quo
912 1770 1011 1813 ipsam
1022 1769 1110 1812 aegri-
