1226 1935
255 67 378 100 Tusc.
401 68 574 108 QUAEST.
593 69 672 100 Lm.
691 69 717 100 1.
735 69 819 101 cm».
838 70 889 100 46.
962 72 1022 104 149

125 155 241 194 Quare,
258 155 283 186 si
297 155 363 196 ipsa
377 155 453 186 ratio
473 155 575 186 minus
592 155 737 196 perficiet,
750 162 786 187 ut
800 162 929 187 mortem
945 166 1018 198 neg-

125 199 218 239 ligere
233 198 402 239 possimus;
427 204 457 228 at
473 199 535 229 vita
561 204 627 228 acta
646 199 791 239 perficiat,
812 205 846 229 ut
875 199 946 230 satis
966 211 1017 231 su-

126 252 241 283 perque
262 241 371 271 vixisse
392 241 557 271 videamur.
586 241 786 282 Quamquam
809 241 891 272 enim
913 252 1017 274 sensus

126 284 244 321 abierit,
260 290 362 314 tamen
378 284 505 314 summis
520 289 549 314 et
564 284 692 325 propriis
712 285 798 315 bonis
819 291 848 314 et
867 285 966 315 laudis
987 291 1017 316 et

125 327 240 367 gloriae,
265 327 405 367 quamvis
428 337 488 357 non
515 327 655 365 sentiant,
675 328 788 358 mortui
812 337 873 357 non
904 334 1014 358 carent.

125 369 194 400 Etsi
210 369 291 399 enim
312 370 388 399 nihil
407 370 439 399 in
459 380 490 400 se
509 369 619 399 habeat
641 370 747 410 gloria,
772 380 825 400 cur
845 376 1014 410 expetatur,

126 420 228 443 tamen
245 412 398 449 virtutem,
412 418 569 453 tamquam
589 414 708 449 umbra,
725 413 869 454 sequitur.
894 413 1013 443 Verum

125 455 331 485 multitudinis
343 455 493 494 judicium
509 455 546 485 de
560 455 658 493 bonis,
672 455 697 485 si
712 455 835 496 quando
849 461 904 494 est,
917 456 1016 496 magis

126 497 316 528 laudandum
332 504 386 535 est,
399 508 492 539 quarn
507 498 552 528 illi
568 499 606 528 ob
623 508 689 528 eam
704 508 769 528 rem
784 498 873 528 beati.

169 541 294 571 XLVI.
318 541 391 571 Non
406 551 528 581 possmn
540 547 641 570 autem
654 540 761 580 dicere,
774 543 911 581 (quoquo
922 541 1015 572 modo

126 582 184 614 hoc
207 584 384 624 accipiatur)
402 584 591 624 Lycurgum,
609 583 762 621 Solonem,
783 584 887 623 legum
906 589 935 613 et
957 595 1016 624 pu-

125 627 212 656 blieae
218 626 383 667 disciplinae
395 637 491 657 carere
503 626 617 667 glorian
628 626 877 662 Themistoclem,
885 626 1015 667 Epami-

126 669 271 707 nondam,
287 670 402 700 bellicae
417 670 544 700 virtutis.
568 670 653 700 Ante
668 669 749 699 enim
765 669 952 700 Salaminam
968 669 1015 710 ip-

124 722 190 742 sam
203 712 367 753 Neptunus
377 714 494 750 obruet,
507 723 600 753 quam
612 712 770 742 Salaminii
782 712 887 752 tropaei
898 722 1015 742 memo-

124 755 222 791 riam;
258 755 402 796 priusque
427 756 546 786 Boeotia
571 755 703 785 Leuctra
731 755 886 791 tollentur,
918 765 1013 795 quam

124 807 236 838 pugnae
251 798 417 828 Leuctricae
432 798 536 838 gloria.
565 798 670 828 Multo
685 804 787 828 autem
803 797 917 827 tardius
932 797 1015 827 fama

123 840 239 871 deseret
260 841 400 879 Curium,
417 841 604 878 Fabricium,
619 840 806 878 Calatinum,
823 840 884 870 duo
900 840 1016 880 Scipio-

123 892 188 921 nes,
199 883 260 913 duo
268 884 442 922 Africanos,
454 883 644 919 Maximum,
657 883 852 920 Marcellum,
867 882 1013 920 Paulum,

124 926 284 964 Catonem,
299 927 442 963 Laelium,
455 927 690 957 innumerabiles
706 926 802 962 alios;
827 935 958 966 quorum
975 925 1015 955 si-

124 969 330 999 militudinem
351 969 486 1011 aliquam
508 969 562 1010 qui
581 969 751 1010 arripuerit,
767 978 828 998 non
849 978 916 998 eam
932 968 1016 998 fama.

122 1012 277 1061 populari,
297 1012 349 1042 sed
370 1023 442 1043 vera
463 1014 612 1042 bonorum
634 1012 725 1042 laude
746 1011 885 1048 metiens,
909 1010 1015 1041 fidenti

123 1055 237 1092 animo,
255 1055 280 1085 si
294 1055 337 1086 ita
350 1066 396 1086 res
411 1055 479 1094 fert,
495 1055 649 1096 gradietur
664 1055 703 1085 ad
722 1060 874 1090 mortem3
898 1053 930 1083 in
952 1053 1015 1094 qua

122 1104 176 1127 aut
198 1108 356 1128 summum
376 1099 504 1135 bonum,
520 1104 574 1128 aut
588 1098 711 1128 nullum
734 1077 874 1134 malum‚⁷
889 1106 951 1126 esse
965 1106 1015 1126 co-

122 1141 302 1181 gnovimus:
321 1141 460 1171 secundis
469 1151 539 1171 vero
550 1141 612 1171 suis
622 1142 712 1171 rebus
724 1140 804 1170 volet
815 1140 907 1169 etiam
918 1139 997 1169 mori
1005 1150 1014 1168 :

123 1193 184 1213 non
205 1184 287 1214 enim
302 1189 366 1214 tam
381 1184 522 1214 cumulus
537 1184 687 1215 bonorum
707 1182 863 1222 jucundus
883 1192 946 1212 esse
960 1192 1016 1223 po-

125 1232 192 1263 test,
209 1237 303 1267 quam
317 1227 445 1257 molesta
459 1226 599 1257 decessio.

167 1269 259 1300 Hane
283 1270 463 1300 sententiam
483 1269 651 1309 significare
670 1267 789 1299 videtur
810 1267 940 1298 Laconis
964 1267 1018 1297 illa

123 1322 194 1349 vox,
211 1313 276 1354 qui,
293 1323 364 1342 cum
379 1312 519 1343 Rhodius
535 1312 696 1361 DiagoraS,
711 1310 942 1351 Olympionices
962 1320 1017 1340 no-

123 1355 205 1393 bilis,
225 1366 287 1385 uno
308 1355 357 1385 die
377 1355 439 1385 duo
460 1355 538 1386 filios
558 1355 684 1385 victores
705 1353 748 1384 Ol
750 1364 823 1394 ymp
825 1354 862 1384 iae
882 1353 1016 1390 vidisset,

124 1398 246 1428 accessit
255 1398 294 1428 ad
304 1409 418 1435 senem,
431 1405 460 1428 et
470 1398 650 1439 gratulatus,
669 1399 691 1415 “
700 1396 835 1434 Morere,
846 1395 1018 1436 Diagora,‘'

125 1441 241 1482 inquit.
261 1443 283 1459 “
291 1451 352 1471 non
365 1441 446 1472 enirn
456 1442 488 1471 in
498 1441 608 1472 coelum
617 1440 814 1470 adscensurus
824 1440 875 1470 es.'
878 1439 1020 1487 'Magna

125 1483 192 1514 11ωο
206 1490 235 1514 et
249 1484 381 1514 nimimn
396 1484 520 1515 fortasse
532 1484 632 1514 Graeci
643 1489 764 1524 putant,
776 1482 826 1513 vel
835 1488 903 1513 tum
918 1481 1020 1522 potius

125 1528 296 1566 putabant;
323 1527 421 1568 isque,
432 1527 487 1568 qui
494 1528 553 1558 hoc
562 1527 706 1567 Diagorae
714 1525 803 1563 dixit,
816 1533 1020 1566 permagnum

127 1569 315 1607 existimans,
331 1576 390 1601 tres
406 1570 638 1611 Olympionicas
658 1569 722 1599 una
742 1579 758 1599 e
778 1568 870 1599 domo
889 1567 1020 1608 prodire,

128 1613 263 1642 cunctari
277 1613 366 1643 illum
382 1613 519 1643 diutius
510 1623 543 1643 m
558 1612 632 1652 vita,
648 1611 779 1642 fortunae
793 1612 958 1651 objectum,
974 1610 1022 1639 in-

129 1654 205 1684 utile
219 1656 370 1696 putabat
362 1656 429 1696 ipsi.

171 1697 241 1738 Ego
261 1705 376 1734 autem,
393 1698 448 1729 tibi
469 1698 595 1740 quidem
616 1697 699 1740 quod
720 1697 791 1728 satis
811 1702 897 1734 esset,
919 1694 1024 1736 paucis

129 1741 228 1772 verbis
262 1747 298 1772 ut
319 1741 398 1773 mihi
419 1741 554 1780 videbar,
578 1740 814 1783 responderam.
839 1747 1026 1772 concesseras

706 1792 727 1814 o
744 1784 764 1813 3
