1226 1935
219 95 279 126 100
360 94 420 126 DE
444 95 642 134 FINIBUS,
659 96 737 126 Lm.
755 95 795 127 V.
813 95 895 127 CAP.
913 96 962 127 29.

219 180 497 221 Peripateticorum.
522 182 564 213 Et
579 183 630 213 ille
646 183 756 219 ridens,
774 182 884 219 Video,
901 179 1012 221 inquit,
1029 179 1103 221 quid

217 234 308 263 agas:
334 234 371 254 ne
386 225 569 266 discipulum
585 226 746 263 abducam,
763 225 860 255 times.
893 224 945 253 Tu
961 233 1041 259 vero,
1057 223 1105 252 in-

217 277 323 306 quam,
336 267 427 298 ducas
439 269 521 307 licet,
539 269 563 299 si
579 275 740 310 sequatur:
765 268 821 299 erit
836 268 917 298 enim
933 276 1065 303 mecum,
1082 265 1106 296 si

220 315 319 339 tecum
336 310 399 340 erit.

260 352 389 382 XXIX.
413 353 500 383 Audi
521 355 624 395 igitur,
647 355 757 395 inquit,
780 353 880 384 Luci:
906 359 1006 383 tecum
1023 351 1103 381 enim

219 394 295 424 mihi
311 396 496 426 instituenda
511 398 604 427 oratio
620 404 672 427 est.
701 397 812 427 Omnis
828 396 987 426 auctoritas
1008 394 1106 435 philo-

218 438 331 478 sophiae
347 441 395 472 (ut
410 439 451 468 ait
471 439 713 481 '1¹heoplirastus)
730 439 863 470 consistit
878 438 909 468 in
930 438 1018 468 beata
1043 437 1106 466 vit-22

219 481 441 521 comparanda:
466 484 552 512 beate
573 483 654 513 enim
676 482 795 512 vivendi
812 481 974 521 cupiditate
995 480 1108 509 incensi

219 533 323 553 omnes
345 534 459 554 sumus.
496 526 564 555 Hoc
584 526 662 555 mihi
683 536 752 555 cuni
774 530 826 554 tuo
847 524 938 553 fratre
959 522 1107 553 convenit.

219 566 324 603 Quare
347 567 403 596 hoc
424 567 589 597 videndum
614 574 668 604 est,
694 567 826 608 possitne
846 566 932 596 nobis
954 566 1011 595 hoc
1032 565 1108 594 ratio

218 608 468 650 philosophorum
484 610 563 640 dare.
604 610 768 640 Pollicetur
784 615 880 639 certe:
906 608 963 638 nisi
979 608 1060 638 enim
1076 607 1107 637 id

219 651 340 689 faceret,
365 662 417 682 cur
437 653 526 683 Plato
541 654 715 694 AEgyptum
732 652 913 693 peragravit,
931 657 965 681 ut
980 661 997 680 a
1013 661 1109 680 sacer-

219 693 340 724 dotibus
356 695 490 725 barbaris
506 706 648 726 numeros
664 702 692 725 et
708 695 836 726 coelestia
848 694 1017 734 acciperet?
1041 703 1106 728 cur,

219 743 297 776 post,
315 737 497 775 Tarentum,
514 738 552 768 ad
567 739 764 779 Archytam?
788 748 841 768 cur
856 737 895 767 ad
911 743 1030 767 caeteros
1047 736 1109 777 Py-

220 780 388 820 thagoreos,
403 781 611 819 Echecratem,
623 782 790 819 Timaeum,
804 780 970 810 Acrionem
984 779 1107 815 Locros,

220 828 265 859 ut,
283 833 352 852 cum
369 825 522 854 Socratem
539 825 740 865 expressisset,
757 824 933 863 adjungeret
953 822 1108 862 Pythago-

219 875 339 895 reorum
352 865 554 907 disciplinam,
568 878 673 908 eaque,
691 878 760 908 quae
772 869 905 897 Socrates
918 865 1108 905 repudiabat,

220 908 410 939 addisceret?
435 910 498 939 Cur
519 910 582 951 ipse
605 910 792 951 Pythagoras
813 915 842 939 et
858 909 1030 949 AEgyptum
1046 908 1109 937 lus-

220 951 321 989 travit,
335 957 364 981 et
380 952 541 982 Persarum
554 964 658 993 magos
675 953 773 983 adiit?
791 962 844 982 cur
860 958 958 981 tantas
974 951 1109 991 regiones

220 995 416 1024 barbarorum
430 996 556 1035 pedibus
572 996 658 1033 obiit,
675 1002 718 1025 tot
730 995 826 1025 maria
838 993 1003 1024 transmisit
1015 995 1028 1023 Ρ
1046 994 1110 1023 Cur

222 1037 286 1066 haec
302 1037 406 1067 eadem
420 1038 612 1069 Democritus
625 1041 638 1069 Ρ
655 1039 708 1079 qui
719 1042 811 1075 (vere,
824 1037 949 1073 falsone,
961 1047 1108 1077 quaerere-

220 1086 302 1117 mus)
324 1080 433 1110 dicitur
454 1081 547 1111 oculis
569 1093 598 1111 se
613 1082 764 1122 privasse:
789 1086 877 1117 certe,
892 1086 926 1109 ut
942 1089 1035 1120 quam
1050 1079 1108 1108 mi-

220 1122 303 1152 nime
318 1123 437 1153 animus
453 1135 471 1153 a
493 1124 723 1165 cogitationibus
739 1124 946 1159 abduceretur,
963 1122 1108 1162 patrimo-

220 1165 307 1194 nium
332 1166 486 1206 neglexit3
511 1178 598 1207 agros
620 1167 749 1197 deseruit
770 1167 918 1201 incultos;
937 1165 1011 1206 quid
1027 1175 1110 1205 quae-

220 1218 288 1238 rens
311 1209 405 1245 aliud,
432 1210 489 1239 nisi
513 1211 633 1240 beatam
656 1210 775 1240 vitam?
800 1219 893 1250 quam
916 1208 940 1237 si
964 1208 1054 1238 etiam
1078 1208 1108 1237 in

223 1261 324 1280 renim
345 1252 515 1292 cognitione
535 1255 677 1293 ponebat,
700 1259 800 1282 tamen
822 1263 859 1282 ex
880 1251 934 1281 illst
948 1250 1110 1290 investiga-

222 1293 303 1323 tione
319 1300 434 1324 naturae
447 1296 591 1336 consequi
604 1296 733 1333 volebat,
751 1302 786 1325 ut
801 1300 876 1325 esset
891 1296 971 1324 bono
986 1293 1108 1323 animo:

220 1335 252 1365 id
279 1337 360 1367 enim
387 1337 438 1367 illc
465 1349 622 1368 summum
649 1340 776 1375 bonum,
807 1339 949 1375 ευῇυμιαν,
977 1342 1005 1366 et
1032 1347 1110 1376 saepe

221 1379 376 1417 αθαμὲιαν,
393 1381 536 1421 appellat,
554 1381 585 1411 id
602 1387 656 1419 est,
673 1382 811 1411 animum
828 1385 939 1409 terrore
954 1379 1096 1409 liberum.

265 1421 324 1451 Sed
339 1422 403 1452 liaec
419 1424 473 1453 etsi
495 1425 647 1464 praeclare,
670 1424 807 1454 nondum
830 1429 931 1452 tamen
954 1428 982 1452 et
1002 1433 1111 1462 perpo-

220 1464 295 1494 lita:
320 1476 416 1506 pauca
438 1467 530 1504 enim,
553 1477 651 1508 neque
667 1478 701 1497 ea
716 1467 781 1507 ipsa
797 1466 961 1501 enucleate,
984 1467 1022 1494 ab
1042 1465 1110 1501 hoc,

221 1507 258 1536 de
274 1507 384 1538 virtute
399 1509 534 1549 quidem,
551 1510 639 1540 dicta.
665 1510 738 1539 Post
754 1509 834 1539 enim
850 1508 914 1538 haec
926 1508 956 1537 in
969 1508 1025 1538 hac
1037 1509 1112 1538 urbe

221 1551 356 1589 primum
372 1562 390 1581 a
405 1553 525 1582 Socrate
541 1553 635 1593 quaeri
652 1558 767 1592 coepta;
792 1551 900 1581 deinde
921 1551 951 1580 in
972 1551 1052 1580 hune
1067 1551 1111 1581 lo-

221 1603 292 1622 cum
317 1593 416 1623 delata
436 1601 514 1625 sunt.
549 1596 615 1625 Nec
638 1595 822 1631 dubitatum,
849 1594 923 1634 quin
946 1593 977 1622 in
1003 1593 1112 1624 virtute

223 1635 333 1672 onmis,
357 1643 391 1666 ut
411 1639 497 1675 bene,
521 1638 561 1668 sic
583 1639 673 1668 etiam
689 1640 785 1673 beate,
803 1636 923 1667 vivendi
938 1647 1004 1676 spes
1019 1646 1112 1676 pone-

223 1684 313 1707 retur.
338 1679 418 1717 Qusc
433 1691 502 1710 cum
517 1681 600 1711 Zeno
616 1681 766 1710 didicisset
781 1691 799 1709 a
814 1679 941 1713 nostris;
966 1686 1000 1709 ut
1016 1679 1046 1708 in
1062 1690 1111 1708 ac-

224 1721 356 1751 tionibus
368 1724 519 1762 praescribi
535 1724 619 1761 solet,
633 1724 669 1753 de
681 1734 712 1754 re
725 1723 829 1753 eadem
846 1722 905 1752 alio
920 1722 1019 1752 modo.
1043 1722 1112 1751 Hoc

225 1769 257 1795 tu
275 1773 355 1795 nunc
371 1765 401 1795 in
418 1765 470 1796 illo
485 1768 603 1807 probas.
628 1766 746 1797 Scilicet
762 1765 914 1797 vocabulis
930 1775 1031 1795 rerum
1043 1774 1111 1794 mu-
