1180 1935
167 66 231 95 408
275 63 336 95 DE
354 63 462 99 NAT.
473 62 610 94 DEOR.
623 61 702 93 Lm.
716 62 781 93 111.
793 62 875 93 CAP.
891 62 939 93 10.

166 150 256 180 Nihil
271 150 362 190 igitur
378 149 463 180 affert
476 154 560 190 pater
574 148 629 179 iste
643 148 825 185 Stoicorum,
847 157 939 188 quare
956 156 1047 177 mun-

166 193 241 223 dum
256 193 370 223 ratione
385 193 430 222 uti
444 198 597 233 putemus,
610 201 647 221 ne
662 201 714 221 cur
729 190 913 220 animantem
925 189 1048 231 quidem

166 245 238 266 esse.
269 236 340 265 Non
356 241 399 265 est
413 235 505 276 igitur
524 234 658 264 mundus
673 234 777 264 Deusz
802 239 831 263 et
851 239 951 263 tamen
972 232 1049 262 nihil

166 284 211 308 est
225 289 259 308 eo
274 279 401 309 melius:
426 278 502 307 nihil
517 283 561 307 est
576 277 657 307 enim
673 287 706 306 eo
721 276 887 316 pulchrius,
904 275 981 305 nihil
995 285 1049 305 no-

166 321 213 351 bis
228 322 397 359 salutarius,
414 321 490 350 nihil
505 320 638 350 ornatius
653 319 806 359 adspectu,
819 324 965 358 motuque
981 327 1050 348 con-

167 364 303 394 stantius.
332 364 425 402 Quod
445 363 469 393 si
489 362 623 393 mundus
643 361 798 391 universus
818 371 879 391 non
895 366 938 390 est
953 360 1050 397 Deus,

167 416 205 437 ne
220 407 313 437 stellae
328 406 463 447 quidem,
480 416 555 447 quas
570 411 604 434 tu
618 404 852 434 innumerabiles
866 403 898 433 in
914 403 1051 433 Deorum

167 458 294 480 numero
322 451 505 490 reponebas;
545 458 675 489 quarum
700 453 729 477 te
758 457 861 477 cursus
891 445 1052 486 aequabiles

167 493 331 533 aeternique
361 492 568 526 delectabant3
602 500 667 527 nec,
702 489 884 527 mehercule,
919 488 1050 527 injuria:

168 541 239 565 sunt
255 535 335 565 enim
351 534 521 564 admirabili
540 532 766 573 incredibilique
786 531 960 562 constantia.
993 530 1053 561 Sed

165 587 227 607 non
241 578 354 615 omnia,
378 578 485 614 Balbe,
507 587 575 617 quae
596 586 698 606 cursus
719 581 811 605 certos
833 580 861 604 et
882 579 1050 604 constantes

170 620 292 656 habent,
309 631 344 650 ea
359 620 426 650 Deo
441 620 541 660 potius
556 618 714 649 tribuenda
729 623 809 654 sunt,
823 627 914 658 quam
926 622 1050 646 naturae.

211 663 253 692 X.
276 663 363 700 Quid
389 662 560 693 Chalcidico
586 661 704 701 Euripo
725 660 756 690 in
779 666 864 689 motu
887 659 1051 689 identidem

169 705 379 746 reciprocando
408 712 496 745 putas
529 704 593 734 fieri
621 714 706 744 posse
735 702 917 733 constantius
930 704 943 733 ‚⁹
978 701 1052 742 quid

167 748 244 778 freto
267 748 437 778 Siciliensi?
461 747 535 788 quid
551 746 665 778 Oceani
688 746 801 776 fervore
822 745 881 775 illis
903 745 935 774 in
956 744 1039 781 locis,

211 808 234 824 ‘4
250 807 408 848 Europam
424 806 617 847 Libyamque
629 816 723 846 rapax
739 805 791 835 ubi
803 804 909 834 dividit
924 803 1051 834 unda?''

169 877 279 915 Quid?
303 883 392 907 aestus
407 877 563 914 maritimi,
580 877 627 907 vel
644 876 860 917 Hispanienses
872 875 918 905 vel
928 874 1050 905 Britan-

169 921 239 958 nici,
257 931 421 961 eorumque
437 921 522 950 certis
537 920 721 960 temporibus
737 920 782 949 vel
798 928 929 948 accessus
945 918 991 947 vel
1007 928 1052 948 re-

169 973 278 999 cessus,
296 963 358 993 sine
374 963 442 993 Deo
457 963 520 993 fieri
538 972 638 992 nonne
658 963 807 1002 possunt?
831 961 921 998 Vide,
939 970 1051 1000 quaeso,

170 1006 195 1035 si
221 1006 318 1036 omnis
342 1012 453 1042 motus,
474 1006 646 1046 omniaque,
671 1015 739 1045 quae
760 1004 845 1034 certis
868 1003 1052 1043 temporibus

167 1048 305 1078 ordinem
322 1059 410 1078 suum
427 1054 613 1086 conservant,
630 1048 731 1077 divina
746 1047 884 1083 dicimus,
898 1056 936 1075 ne
951 1045 1052 1075 tertia-

168 1101 222 1121 nas
238 1091 361 1132 quidem
378 1091 484 1128 febres,
501 1097 530 1121 et
545 1096 717 1131 quartanaS,
734 1090 850 1120 divinas
871 1099 933 1118 esse
951 1088 1053 1118 dicen-

168 1134 243 1164 dum
260 1135 307 1171 sit,
324 1145 453 1174 quarum
469 1134 633 1164 reversione
648 1140 677 1163 et
691 1138 775 1162 motu
792 1132 865 1173 quid
880 1136 975 1172 potest
991 1141 1052 1162 esse

169 1177 379 1207 constantius?
403 1176 462 1207 Sed
482 1177 620 1206 omnium
641 1175 749 1206 talium
769 1185 870 1205 rerum
890 1173 965 1203 ratio
985 1173 1051 1204 red-

168 1219 266 1249 denda
286 1225 350 1249 est:
375 1219 456 1260 quod
472 1230 523 1249 vos
538 1229 608 1249 cum
624 1218 719 1248 facere
739 1228 799 1247 non
817 1217 950 1258 potestis,
972 1221 1051 1246 tam-

171 1273 264 1303 quam
280 1263 311 1292 in
326 1272 421 1299 aram,
438 1262 599 1302 confugitis
614 1261 651 1291 ad
668 1261 780 1290 Deum.

212 1305 255 1335 Et
271 1305 459 1345 Chrysippus
481 1305 536 1335 tibi
556 1310 642 1334 acute
659 1303 755 1333 dicere
777 1302 943 1339 videbatur,
959 1301 1052 1332 homo

169 1347 233 1378 sine
243 1348 335 1378 dubio
346 1354 481 1377 versutus
493 1354 522 1378 et
534 1347 659 1377 callidus
672 1358 680 1376 z
706 1350 851 1380 (versutos
861 1356 909 1375 eos
921 1345 1051 1385 appello,

170 1401 301 1431 quorum
331 1391 462 1420 celeriter
490 1400 576 1420 mens
605 1395 758 1425 versatum
791 1388 912 1418 callidos
937 1393 1051 1425 autem,

169 1444 312 1474 quorum,
344 1438 501 1474 tamquam
527 1443 636 1463 manus
660 1443 758 1473 opere,
784 1431 824 1462 sic
849 1431 969 1466 animus
995 1440 1052 1460 usu

171 1476 355 1513 concalluit.)
391 1477 422 1506 Is
451 1476 555 1516 igitur,
587 1478 609 1493 “
627 1476 659 1506 Si
688 1474 802 1515 aliquid
833 1474 909 1511 est,'’
940 1473 1050 1513 inquit,

171 1520 193 1536 “
210 1519 292 1559 quod
307 1519 399 1548 homo
414 1518 528 1549 efficere
542 1528 601 1548 non
617 1518 720 1559 possit,
737 1517 790 1558 qui
812 1516 843 1546 id
864 1516 963 1553 efficit,
988 1525 1052 1545 me·
1096 1515 1099 1518 ’

169 1561 226 1592 lior
242 1569 285 1591 est
299 1562 430 1591 homine.
469 1562 572 1591 Homo
588 1567 689 1591 autem
704 1561 779 1597 haec,
796 1570 865 1600 quae
882 1559 914 1588 in
936 1557 1052 1588 mundo

169 1610 251 1642 sunt,
269 1604 381 1635 efficere
397 1614 456 1634 non
477 1610 594 1645 potest:
619 1604 672 1644 qui
694 1603 792 1644 potuit
811 1602 915 1642 igitur,
931 1601 956 1631 is
975 1611 1053 1641 prae-

169 1653 229 1677 stat
252 1647 377 1677 homini.
413 1647 542 1678 Homini
565 1653 667 1677 autem
690 1652 830 1688 praestare
855 1644 922 1686 quis
947 1643 1050 1685 possit,

171 1689 231 1720 nisi
246 1689 355 1720 Deus?
379 1690 436 1720 Est
451 1690 543 1731 igitur
557 1690 676 1720 Deus.''

214 1732 291 1765 Haec
306 1733 408 1766 omnia
418 1733 450 1765 in
460 1733 576 1774 eodem,
587 1743 648 1775 quo
663 1732 716 1764 ina
727 1730 868 1771 zenonis,
881 1739 977 1762 errore
987 1738 1052 1760 ver-
