1180 1935
154 100 216 131 426
252 99 313 131 DE
334 99 441 131 NAT.
458 99 594 131 DEOR.
620 99 698 130 11113.
716 99 781 130 ΙΙΙ.
802 100 884 131 Cn.
901 101 953 131 30.

153 185 211 217 Ille
226 195 295 216 vero
306 186 337 215 in
350 186 547 235 Synephebis,
560 185 813 216 Academicorum
825 195 919 223 more,
932 190 1034 215 contra

152 238 345 259 communem
360 229 531 269 opinionem
547 239 608 259 non
623 228 741 259 dubitat
755 239 890 269 pugnare
907 228 1033 265 ratione,

152 271 218 312 qui,
234 271 266 301 in
281 282 382 302 amore
397 282 527 311 summo,
544 281 723 312 summaque
737 271 850 313 inopia,
867 281 957 301 suave
973 281 1035 301 esse

153 314 237 353 dicit,

194 385 216 402 ‘4
228 384 389 414 Pal-entem
404 384 512 415 habere
528 394 663 422 avarum,
679 384 849 425 illepidum,
864 383 896 413 in
911 383 1020 414 liberos

194 426 371 465 Difficilem,
387 428 440 468 qui
455 434 483 458 te
495 438 549 458 nec
564 433 654 466 amet⁷
671 437 725 457 nec
741 426 858 457 studeat
873 426 950 456 tui.'’

152 501 257 543 Atque
266 501 337 533 huic
348 503 515 534 incredibili
526 503 679 534 sententiae
690 502 873 533 ratiunculas
885 501 1033 543 suggerit:

198 578 220 595 ‘⁶
232 577 301 606 Aut
315 583 347 607 tu
364 577 451 607 illum
466 578 566 608 fructu
581 578 687 614 fallas3
711 584 764 608 aut
778 588 831 618 per
845 577 946 607 literas

196 619 326 649 Avertas
342 620 464 660 aliquod
480 631 588 651 nomen
601 633 610 657 ;
634 627 686 651 aut
701 631 754 661 per
768 621 919 651 servolum

198 662 350 692 Percutias
365 663 520 703 pavidum.
546 664 712 699 Postremo,
729 674 746 692 a
760 673 849 703 parco
865 669 948 702 patre

196 704 290 743 Quod
304 715 416 744 sumas⁷
433 712 546 746 quanto
561 707 686 747 dissipas
700 706 843 736 libentius
855 706 887 735 !''

158 779 305 820 Idemque
320 780 439 810 facilem
455 787 482 811 et
501 781 655 812 liberalem
675 787 791 822 patrem
811 781 1037 812 incommodum

155 833 216 853 esse
231 823 345 853 amanti
360 823 422 853 filio
437 824 589 865 disputat;
615 835 706 865 quem

199 895 222 912 “
235 894 345 934 Neque
363 905 424 934 quo
444 900 531 935 pacto
549 894 666 933 fallam,
683 904 781 935 neque
800 893 874 935 quid
894 893 964 924 inde
984 903 1037 923 au-

326 937 433 975 feram,

198 979 265 1010 Nee
285 990 377 1019 quem
398 980 503 1010 dolum
523 979 561 1010 ad
582 990 664 1019 eum,
687 985 740 1010 aut
761 979 934 1010 machinam
956 989 1038 1010 com-

325 1023 443 1060 moliar,

197 1066 266 1097 Scio
280 1065 466 1106 quidquam:
489 1066 531 1095 ita
545 1076 648 1096 omnes
663 1076 745 1096 meos
760 1065 854 1101 dolos,
872 1064 1016 1103 fallacias,

199 1108 369 1148 Praestigias
387 1107 601 1150 [praestrinxit]
618 1109 813 1139 commoditas
828 1106 953 1148 patris.’'

157 1184 243 1223 Quid
258 1195 328 1225 ergo
347 1185 396 1214 isti
415 1184 501 1215 doli?
524 1185 599 1226 quid
618 1185 790 1215 machiuae?
814 1185 887 1226 quid
902 1184 1038 1222 fallaciae,

156 1228 399 1268 praestigiaeque?
421 1238 496 1257 num
512 1228 574 1258 sine
589 1228 703 1258 ratione
718 1238 779 1258 esse
794 1230 981 1268 potuerunt?
1008 1228 1038 1258 O

157 1271 335 1312 praeclarum
349 1280 461 1301 munus
479 1270 637 1301 Deorum!
662 1277 697 1300 ut
718 1271 863 1301 Phormio
882 1271 975 1311 possit
995 1270 1040 1300 di-

158 1324 234 1351 cere,

202 1384 226 1401 “
238 1382 321 1414 Cedo
336 1393 456 1413 senem:
478 1384 543 1423 jam
563 1383 709 1415 instructa
727 1383 804 1414 mihi
822 1390 892 1415 sunt
906 1384 938 1415 in
953 1383 1041 1416 corde

329 1427 452 1457 consilia
467 1427 602 1457 omnia.''

201 1501 310 1532 XXX.
334 1501 394 1532 Sed
414 1512 555 1532 exeamus
576 1513 592 1533 e
612 1503 746 1533 theatro:
770 1503 925 1534 veniamus
945 1502 977 1534 in
996 1503 1042 1534 fo-

158 1554 238 1575 rum.
273 1546 395 1575 Sessum
417 1545 440 1574 it
460 1551 577 1586 praetor.
612 1546 722 1584 Quid?
749 1552 784 1576 ut
802 1547 964 1586 judicetur,
988 1547 1042 1587 qui

157 1588 342 1618 tabularium
358 1588 529 1618 incenderit.
560 1588 653 1626 Quod
668 1589 783 1619 facinus
797 1590 942 1620 occultius
952 1591 966 1620 ?
996 1590 1043 1619 At

159 1640 190 1659 se
205 1630 245 1668 Q.
258 1631 371 1668 Sosius,
388 1631 562 1671 splendidus
578 1642 668 1672 eques
684 1633 842 1662 Romanus
857 1643 893 1662 ex
906 1643 977 1672 agro
990 1632 1042 1661 Pi-

159 1683 243 1711 ceno,
261 1673 362 1703 fecisse
378 1674 527 1705 confessus
542 1680 594 1704 est.
618 1674 683 1712 Qui
699 1675 914 1716 transcripserit
925 1675 1043 1705 tabulas

159 1716 320 1755 publicas?
354 1717 391 1746 Id
412 1728 533 1759 quoque
556 1718 594 1747 L.
610 1717 729 1748 Alenus
752 1718 831 1754 fecit,
855 1728 924 1748 cum
946 1717 1042 1748 chiro-

158 1759 309 1800 graphum
325 1760 568 1803 Sex-primorum
582 1761 719 1793 imitatus
737 1766 789 1792 est.
818 1760 904 1800 Quid
919 1760 975 1792 hoc
989 1760 1043 1791 ho-
