1180 1935
197 81 258 112 DE
282 80 392 112 NAT.
410 80 548 112 DEOR.
568 80 647 111 Lm.
666 80 712 111 11.
730 80 814 112 CAP.
834 80 881 110 1⁶2.
927 80 990 111 349

99 175 221 197 sensum
247 173 277 198 et
302 167 460 198 rationem.
502 167 541 198 In
569 167 605 198 ea
630 173 716 208 parte
741 166 845 207 igitur,
872 166 904 196 in
930 165 994 207 qua

99 210 209 240 mundi
230 210 306 241 inest
326 211 524 252 principatus,
548 210 613 241 haec
633 211 729 240 inesse
749 219 866 240 necesse
887 215 941 246 est,
965 214 995 239 et

99 253 213 283 acriora
228 253 353 294 quidem
368 259 459 294 atque
474 254 599 292 majora.
638 253 800 290 Quocirca,
826 253 994 292 sapientem

101 305 164 326 esse
184 296 348 334 mundum,
372 306 490 326 necesse
512 303 575 332 est3
600 302 803 336 naturamque
823 305 903 331 eam,
925 305 995 335 quae

99 348 146 368 res
167 348 272 369 omnes
292 339 452 380 complexa
471 345 583 377 teneat,
605 339 786 380 perfectione
802 338 925 368 rationis
942 348 995 368 ex—

99 381 226 417 cellere;
243 392 339 423 eoque
352 382 455 412 Deum
472 393 534 412 esse
549 382 714 420 mundum,
731 391 916 422 omnemque
932 381 994 411 vim

99 424 209 454 mundi
224 426 333 455 natura
348 425 451 455 divina
467 425 622 456 contineri.

142 467 250 508 Atque
274 468 365 498 etiam
387 469 496 498 mundi
520 469 572 498 ille
596 468 705 504 fervor,
728 468 844 508 purior,
868 466 996 507 pelluci-

99 508 176 546 (Ποῖ,
201 511 402 552 mobiliorque
417 512 527 549 multo,
544 513 582 541 ob
599 521 708 552 easque
724 522 828 541 causas
843 510 941 551 aptior
956 509 996 539 ad

100 563 204 583 sensus
215 555 459 591 commovendos,
468 564 562 595 quam
575 555 623 585 hic
635 560 735 585 noster
745 554 836 588 calor,
848 564 908 594 quo
918 553 995 591 haec,

99 606 169 636 quae
181 604 252 627 nota
264 597 350 627 nobis
362 604 443 635 sunt,
457 598 624 628 retinentur
637 604 665 628 et
678 597 788 637 vigent.
813 596 997 627 Absurdum

101 645 145 668 est
160 639 253 680 igitur
268 640 377 677 dicere,
393 651 464 670 cum
485 640 624 671 homines
644 640 808 681 bestiaeque
822 639 880 670 hoc
899 639 998 670 calore

100 687 272 719 teneantur,
289 689 319 713 et
333 690 491 724 propterea
506 690 685 714 moveantur
696 694 730 713 ac
746 683 888 720 sentiant,
905 692 997 712 mun·

101 724 176 755 dum
196 736 258 756 esse
278 727 342 756 sine
357 737 466 763 sensu3
492 727 546 768 qui
566 727 682 766 integro
703 733 733 756 et
752 736 829 766 puro
846 732 875 756 et
890 726 996 763 libero,

102 767 270 809 eodemque
285 770 432 801 acerrimo
447 776 476 800 et
491 770 702 806 mobilissimo,
716 769 821 799 ardore
838 775 974 799 teneatur
986 779 996 804 ;

101 812 268 851 praesertim
284 823 355 842 cum
371 813 396 843 is
411 813 510 850 ardor,
528 813 582 854 qui
598 820 641 843 est
656 812 776 848 mundi,
793 822 853 842 non
867 812 998 852 agitatus

101 855 140 884 ab
159 855 229 892 alio,
247 865 346 896 neque
361 863 485 886 externo
500 856 603 897 pulsu,
620 856 672 886 sed
687 866 740 896 per
756 866 786 885 se
801 855 876 896 ipse,
893 865 927 885 ac
943 855 999 884 sua.

101 904 219 938 sponte,
243 906 410 929 moveatur.
436 899 520 929 Nam
537 899 611 940 quid
626 905 725 939 potest
740 909 802 928 esse
817 898 934 928 mundo
946 908 998 928 va-

100 940 224 978 lentius,
241 942 324 982 quod
339 942 433 983 pellat
447 948 539 983 atque
554 948 675 973 moveat
690 941 820 972 calorem
836 951 919 980 eum,
936 951 998 982 quo

100 983 152 1013 ifle
168 989 306 1014 teneatur
315 985 329 1014 P

146 1026 227 1057 XII.
251 1028 428 1059 Audiamus
444 1029 526 1059 enim
539 1029 712 1066 Platonem,
729 1028 816 1069 quasi
831 1027 998 1069 quemdam

104 1069 208 1100 Deum
229 1070 500 1113 philosophorun13
525 1072 574 1102 cui
598 1072 660 1102 duo
683 1072 782 1112 placet
804 1082 865 1101 esse
885 1077 998 1107 motus,

104 1123 202 1143 unum
228 1124 330 1152 suum,
353 1115 483 1145 alterum
506 1121 686 1145 externum:
712 1125 773 1145 esse
794 1120 898 1144 autem
922 1114 999 1144 divi-

104 1155 185 1193 nius,
210 1157 293 1197 quod
308 1158 409 1199 ipsum
426 1169 464 1188 ex
480 1169 510 1188 se
526 1158 582 1188 sua
597 1164 703 1199 sponte
718 1164 887 1195 moveatur,
904 1167 998 1198 quam

104 1199 187 1240 quod
207 1200 298 1240 pulsu
313 1201 444 1242 agitetur
459 1202 567 1232 alieno.
597 1201 692 1231 Hunc
707 1207 809 1231 autem
825 1207 945 1231 motum
966 1200 999 1230 in

103 1243 173 1272 solis
188 1243 298 1274 animis
316 1255 378 1275 esse
393 1245 499 1285 ponit;
521 1246 559 1275 ab
574 1244 682 1285 hisque
697 1244 882 1285 principium
899 1246 999 1274 motus

105 1295 167 1316 esse
185 1286 313 1317 ductum
328 1293 426 1328 putat.
450 1288 658 1328 Quapropter,
675 1287 821 1328 quoniam
837 1297 875 1317 ex
890 1287 1000 1317 mundi

102 1328 208 1358 ardore
219 1337 320 1361 motus
332 1331 431 1361 omnis
443 1331 549 1369 oritur,
563 1331 587 1361 is
600 1337 702 1361 autem
714 1330 814 1366 ardor,
827 1340 888 1360 non
901 1330 999 1360 alieno

102 1371 251 1412 impulsu,
269 1373 320 1403 sed
336 1374 391 1404 sua
406 1380 523 1414 sponte,
548 1380 708 1406 movetur:
733 1374 854 1404 animus
875 1373 924 1410 sit,
947 1383 1000 1403 ne-

104 1425 183 1445 cesse
203 1421 256 1446 est.
291 1416 343 1447 Ex
368 1427 430 1458 quo
454 1417 592 1456 efficitur,
618 1417 806 1447 animantem
827 1427 889 1447 esse
909 1426 1000 1446 mun-

104 1457 190 1488 dum.

147 1501 256 1542 Atque
271 1513 309 1533 ex
324 1502 382 1533 hoc
397 1514 520 1547 quoque
535 1504 664 1544 intelligi
679 1503 799 1544 poterit,
816 1503 847 1532 in
861 1513 894 1533 eo
906 1503 1002 1533 inesse

104 1543 350 1585 intelligentiam,
374 1547 457 1587 quod
472 1554 550 1577 certe
565 1553 609 1577 est
623 1547 758 1577 mundus
773 1546 891 1582 melior,
908 1556 1003 1587 quam

106 1587 171 1618 ulla
185 1594 303 1619 natura.
340 1590 384 1620 Ut
399 1590 481 1620 enim
495 1590 582 1620 nulla
602 1601 671 1631 pars
690 1590 820 1630 corporis
836 1589 930 1619 nostri
946 1595 1001 1626 est,

107 1641 176 1671 quae
200 1641 261 1662 non
287 1632 325 1662 sit
348 1633 474 1663 minoris
494 1643 590 1674 quam
613 1633 790 1673 nosmetipsi
811 1642 937 1667 sumus;
962 1632 1004 1662 sic

106 1673 260 1704 mundum
285 1675 461 1706 universum
481 1676 577 1717 pluris
598 1687 672 1713 esse,
694 1686 811 1706 necesse
831 1682 886 1713 est,
908 1685 1003 1715 quam

106 1723 224 1757 partem
240 1718 376 1759 aliquam
393 1719 534 1750 universi.
558 1719 653 1758 Quod
669 1719 693 1749 si
708 1719 750 1749 ita
763 1725 817 1757 est,
834 1718 952 1759 sapiens
967 1717 1006 1748 sit

107 1759 253 1797 mundus,
277 1771 395 1792 necesse
410 1768 473 1792 est:
498 1773 582 1802 narn,
606 1762 638 1793 ni
659 1762 702 1793 ita
724 1768 810 1800 esset⁷
834 1761 1004 1799 hominem,

157 1803 306 1844 (Philas.)
324 1813 406 1834 vor..
424 1815 480 1836 111.
685 1807 704 1836 2
723 1814 749 1836 Η
