1180 1935
189 94 251 126 m:
275 95 384 126 NAT.
401 94 538 126 DEOR.
562 94 641 126 ιω.
660 93 706 125 11.
733 93 817 125 811».
834 93 864 123 8.
909 82 978 122 345'

84 190 159 218 rem,
185 187 214 211 et
234 181 374 221 calorem,
399 182 453 222 qui
468 187 512 212 est
526 181 612 211 fusus
631 180 664 210 in
684 190 818 221 corpore,
841 184 871 210 et
885 185 976 210 terre-

84 233 155 253 nam
176 223 272 265 ipsam
297 225 443 256 viscerum
465 224 657 261 soliditatem,
681 223 820 253 animum
845 223 978 263 denique

84 266 173 296 illum
197 268 381 308 spirabilem,
406 268 430 298 si
450 268 518 309 quis
542 273 669 308 quaerat,
693 266 773 296 unde
796 266 975 302 habeamus,

84 316 228 350 apparet;
253 311 334 351 quod
349 311 433 340 aliud
449 322 467 340 a
482 311 560 340 terra
572 310 748 347 sumsimus,
765 309 849 339 aliud
864 310 902 339 ab
917 309 977 338 hu-

85 361 179 390 more,
203 353 286 383 aliud
301 355 339 384 ab
355 354 436 394 igne,
460 353 543 384 aliud
559 354 596 383 ab
613 353 680 383 a'ere
696 363 741 391 eo,
761 362 855 394 quem
870 351 978 393 spiritu

84 394 233 426 ducimus.

130 438 208 468 VII.
234 439 317 469 Illud
332 445 446 477 autem,
471 439 552 481 quod
568 439 661 470 vincit
676 439 740 469 haec
755 437 870 476 omnia,
887 437 979 467 ratio-

86 490 157 510 nem
172 481 250 520 dico,
264 489 304 520 et,
321 483 345 513 si
357 483 454 524 placet
469 483 607 523 pluribus
620 482 727 518 verbis,
744 487 891 518 mentem,
908 490 979 510 con-

87 523 200 562 silium,
226 525 449 565 cogitationem,
477 526 681 567 prudentiam,
703 525 757 555 ubi
781 524 980 554 invenimus?

87 566 168 597 unde
188 568 391 600 sustulimus?
415 572 469 599 An
491 576 596 600 caetera
615 568 750 598 mundus
770 567 896 598 habebit
915 576 982 596 om-

86 609 149 646 nia,
166 610 222 641 hoc
238 621 277 640 ur
282 622 347 648 um,
364 612 446 653 quod
462 612 588 653 plurimi
603 618 657 649 est,
674 621 735 641 non
748 611 890 641 habebit.
884 611 897 631 9
921 609 983 639 At-

89 652 142 693 qui
166 661 243 683 certe
267 654 343 684 nihil
367 655 507 685 omnium
529 665 630 684 rerum
651 654 761 684 melius
785 659 829 684 est
852 652 982 691 mundo,

89 695 164 725 nihi]
185 698 395 736 praestabilius,
420 698 496 728 nihil
515 698 691 739 pulchrius:
717 707 772 727 nec
789 697 889 727 solum
905 695 983 726 nihil

89 745 144 777 est,
168 739 219 769 sed
234 749 272 770 ne
287 741 410 781 cogitari
426 741 551 792 quidem
563 741 733 782 quidquam
749 740 859 770 melius
874 744 982 780 potest.

89 781 143 819 Et,
164 782 188 812 si
206 783 320 814 ratione
322 766 369 814 oet
389 784 536 825 sapientia
555 784 632 814 nihil
652 790 695 814 est
719 783 840 821 melius,
864 792 983 812 necesse

88 831 133 855 est
147 825 234 855 hac
227 836 321 857 1118558
336 827 367 856 111
384 838 429 866 80,
446 827 528 868 quod
543 827 695 868 optimum
707 837 769 857 esse
781 825 984 856 concedimus.

133 868 219 905 Quid
239 872 333 900 vero?
358 877 442 900 tanta
461 880 563 901 rerum
579 870 776 908 consentiens,
799 869 984 910 conspirans,

90 911 265 942 continuata
279 914 428 954 cognatio,
445 924 538 954 quem
554 924 614 944 non
631 919 716 954 coget
732 923 777 951 ea,
794 923 863 953 quae
878 912 986 942 dicun-

91 959 142 984 tur
161 965 179 984 a
198 964 258 992 me,
281 958 501 997 comprobare?
526 957 671 987 Possetne
693 966 753 986 uno
774 962 910 996 tempore
930 954 986 984 flo-

91 1007 167 1046 rere,
190 998 298 1029 deinde
317 1000 446 1030 vicissim
465 1000 596 1037 horrere,
618 1001 722 1030 terra?
746 1004 810 1036 aut,
831 1004 876 1028 tot
896 999 987 1028 rebus

91 1039 164 1081 ipsis
187 1051 218 1071 se
241 1041 487 1081 immutantibus,
511 1043 581 1073 solis
605 1053 750 1080 accessus,
777 1041 985 1090 discessusque

93 1083 226 1114 solstitiis
248 1086 427 1127 brumisque
450 1086 608 1126 cognosci;
633 1091 687 1115 aut
713 1091 802 1115 aestus
827 1083 986 1121 maritimi,

93 1126 300 1169 fretorumque
315 1129 473 1170 angustiae,
494 1135 561 1159 ortu
584 1135 637 1159 aut
652 1128 736 1158 obitu
751 1128 834 1158 lunae
853 1137 988 1158 commo-

93 1170 180 1200 veri?
204 1178 257 1200 aut
277 1172 340 1202 unii
360 1172 452 1202 totius
472 1172 537 1202 coeli
558 1171 750 1202 conversione
770 1181 873 1201 cursus
894 1175 989 1200 astro-

94 1222 163 1242 rum
179 1213 311 1255 dispares
326 1215 492 1245 conservari
504 1217 517 1246 ?
543 1215 619 1245 Haec
634 1215 677 1244 ita
692 1214 767 1252 fieri,
784 1213 949 1244 omnibus
942 1223 990 1243 m-

94 1261 139 1286 ter
164 1267 194 1286 se
218 1258 443 1288 concinentibus
467 1258 576 1288 mundi
600 1257 747 1299 partibus,
773 1256 906 1298 profecto
928 1266 990 1286 non

94 1306 225 1340 possent,
243 1300 301 1331 nisi
315 1311 350 1332 ea
364 1311 426 1332 uno
442 1301 544 1332 divino
560 1308 590 1331 et
604 1300 780 1332 continuato
795 1299 903 1341 spiritu
919 1309 991 1330 con-

95 1342 270 1373 tinerentur.

141 1385 240 1416 VIII.
263 1387 370 1428 Atque
384 1388 449 1419 haec
465 1398 536 1419 cum
550 1387 673 1418 uberius
688 1387 882 1428 disputantur
897 1391 927 1416 et
942 1385 993 1415 fu-

98 1427 170 1465 sius,
193 1436 228 1459 ut
247 1430 324 1460 mihi
345 1438 388 1461 est
403 1431 434 1461 in
450 1432 553 1461 animo
575 1431 683 1469 facere,
703 1430 821 1460 facilius
842 1429 994 1469 effugiunt

98 1472 353 1504 Academicorum
374 1475 570 1504 calumniam.
604 1474 685 1504 Cum
706 1479 809 1503 autem
834 1476 882 1507 (ut
907 1472 993 1501 Zeno

99 1513 226 1553 solebat)
233 1517 352 1547 brevius
363 1517 580 1558 angustiusque
590 1516 822 1553 concluduntur,
829 1521 896 1545 tum
907 1524 994 1555 aper-

99 1556 176 1587 tiora
196 1565 267 1589 sunt
282 1560 320 1589 ad
340 1560 631 1601 reprehendendum.
664 1560 761 1597 Nam,
783 1565 818 1588 ut
838 1557 992 1599 profluens

100 1601 198 1631 amnis
217 1609 270 1632 aut
288 1603 339 1632 vix
355 1610 407 1633 aut
422 1604 507 1633 nullo
522 1603 624 1640 modo,
641 1603 782 1632 conclusa
796 1608 898 1631 autem
914 1610 995 1641 aqua

101 1641 200 1691 facile,
224 1646 446 1686 corrumpitur3
471 1647 512 1677 sic
532 1646 674 1676 orationis
692 1645 819 1675 flumine
834 1643 995 1685 reprehen-

101 1686 174 1716 soris
189 1687 261 1717 vitia
276 1688 456 1725 diluuntur;
480 1689 621 1730 angustia
636 1694 740 1719 autem
761 1687 909 1718 conclusae
929 1696 998 1716 ora-

101 1727 191 1759 tionis
203 1739 263 1760 non
278 1730 366 1762 facile
381 1742 411 1762 se
425 1732 492 1773 ipsa
506 1738 633 1762 tutatur.

145 1772 221 1804 Haec
237 1773 330 1815 enim,
353 1785 422 1816 quae
437 1775 603 1807 dilatantur
618 1785 636 1806 a
651 1774 749 1813 nobis,
770 1773 853 1805 Zeno
868 1772 910 1804 sic
923 1781 996 1814 pre-
