1226 1935
208 89 272 120 238
320 88 444 121 TUSC.
460 89 633 128 QUAEST.
659 90 737 122 Lm.
755 90 814 121 IV.
838 89 921 121 CAP.
938 90 989 120 25.

207 174 324 213 dicunt,
352 185 452 206 nonne
477 176 535 207 ista
561 177 732 217 colligunt?
778 176 914 206 Remove
942 174 1099 216 perturba-

208 217 314 256 tiones,
349 219 544 260 maximeque
576 220 783 250 iracundiam:
816 220 882 258 jam
917 218 1098 249 videbuntur

207 267 342 293 monstra
356 262 462 293 dicere.
492 263 584 293 Nunc
600 269 702 293 autem
718 263 760 292 ita
775 262 934 300 disserunt,
951 261 992 291 sic
1007 271 1038 290 se
1052 261 1098 290 di-

207 313 282 341 cere,
300 314 404 335 omnes
419 306 527 335 stultos
541 306 683 342 insanire,
700 311 734 336 ut
749 306 829 335 male
844 305 922 335 olere
937 313 1026 334 omne
1041 314 1098 333 coe-

207 356 292 376 num.
325 348 372 377 At
387 358 446 378 non
464 359 590 389 semper.
620 349 806 379 Commove:
825 348 942 378 senties.
975 346 1025 377 Sic
1039 346 1098 376 ira-

207 389 323 420 cundus
340 401 401 421 non
417 402 535 432 semper
549 392 643 421 iratus
659 398 710 421 est.
737 391 881 421 Lacesse:
903 392 968 430 jam
984 389 1098 419 videbis

206 431 366 463 furentem.
392 434 504 472 Quid?
528 434 585 464 ista
604 435 744 464 bellatrix
766 433 931 470 iracundia,
953 442 1023 463 cum
1044 431 1098 462 do-

207 484 294 505 mum
319 476 417 513 rediit,
443 477 542 518 qualis
568 484 613 507 est
639 488 708 507 cum
730 478 848 507 uxore?
872 486 942 506 cum
969 475 1096 505 liberis?

206 527 277 548 cum
293 518 410 549 familia
422 522 436 549 Ρ
459 530 498 549 an
514 526 580 550 tum
597 530 718 560 quoque
733 526 776 549 est
791 519 898 549 utilis?
932 518 989 548 Est
1004 518 1098 558 igitur

207 561 335 601 aliquid,
359 562 441 602 quod
456 564 630 602 perturbata
651 572 736 592 niens
756 562 864 592 melius
882 561 974 602 possit
989 561 1096 597 facere,

206 615 300 644 quam
322 607 484 636 constans?
509 615 547 635 an
563 605 725 647 quisquam
740 610 837 646 potest
857 604 919 634 sine
938 605 1097 645 perturba·

207 647 288 677 tione
308 648 418 677 mentis
434 648 544 678 irasci?
569 649 653 678 Bene
673 648 765 688 igitur
786 647 890 685 nostri,
910 657 979 677 cum
995 646 1098 676 omnia

207 695 305 719 essent
317 690 348 719 in
363 689 530 732 [moribus]
545 691 628 727 vitia,
642 690 725 731 quod
737 691 857 720 nullum
870 696 932 720 erat
943 688 1098 719 iracundia

206 732 326 769 foedius,
344 733 502 764 iracundos
519 734 595 764 solos
612 733 777 774 [morosos]
794 733 1035 763 nominaverunt.

248 775 357 806 XXV.
375 776 537 807 Oratorem
553 787 622 807 vero
637 776 723 806 irasci
738 776 864 806 minime
879 776 980 806 decet:
1002 775 1095 805 simu-

205 818 268 848 lare
284 829 344 849 non
360 819 490 850 dedecet.
523 819 577 850 An
593 820 649 850 tibi
664 819 750 850 irasci
766 825 832 850 tum
853 819 1001 856 videmur,
1025 828 1096 848 cum

204 861 280 902 quid
296 862 327 891 in
340 863 435 892 causis
448 862 544 893 acrius
560 868 589 892 et
601 862 808 893 vehementius
820 862 948 892 dicimus
960 863 973 892 ἓ
987 860 1095 898 Quid?

205 915 288 942 cum⁷
309 906 374 944 jam
401 907 490 936 rebus
517 906 672 936 transactis
698 911 727 935 et
752 905 919 946 praeteritis,
948 904 1095 936 orationes

204 947 375 986 scribimus,
392 958 468 978 num
484 948 553 978 irati
569 949 726 978 scribimus
740 951 753 980 ?

249 1009 272 1026 ‘⁶
289 1007 403 1050 Ecquis
418 1009 474 1039 hoc
490 1008 727 1039 animadvertit?
750 1008 895 1039 Vincite”
900 1030 978 1039 ......

204 1090 280 1110 num
295 1086 348 1110 aut
363 1080 456 1121 egisse
471 1090 609 1121 unquam
625 1080 736 1110 iratum
753 1080 917 1120 AEsopum,
934 1084 987 1108 aut
1003 1077 1094 1119 scrip-

203 1123 274 1153 sisse
301 1123 509 1153 existimamus
535 1123 647 1153 iratum
674 1123 832 1153 Accium?
864 1122 1013 1162 Aguntur
1038 1121 1096 1151 ista

203 1166 355 1207 praeclare,
379 1172 409 1196 et
424 1168 461 1196 ab
483 1172 598 1197 oratore
614 1166 738 1207 quidem
760 1165 880 1201 melius,
905 1164 929 1195 si
944 1164 1035 1194 modo
1050 1170 1095 1194 est

203 1215 312 1246 orator,
337 1219 430 1249 quam
446 1211 484 1239 ab
500 1209 563 1239 ullo
575 1209 738 1239 histrione:
763 1208 814 1238 sed
830 1213 962 1248 aguntur
976 1207 1094 1245 leniter,

203 1257 234 1282 et
249 1257 350 1281 mente
371 1252 545 1293 tranquilla.
571 1252 745 1282 Libidinem
764 1262 832 1281 vero
852 1250 986 1286 laudare,
1008 1251 1096 1289 cujus

203 1337 361 1378 profertis:
394 1337 502 1367 additis
526 1338 744 1378 Pythagoram,
774 1336 998 1373 Democritum,
1023 1336 1095 1366 Pla-

204 1386 315 1410 tonem.
339 1380 425 1418 Quid
437 1383 450 1411 Ρ
468 1391 519 1411 vos
531 1380 630 1410 studia
641 1381 799 1411 libidinem
811 1379 921 1410 vocatis
933 1381 946 1409 Ρ
963 1390 1032 1420 quae
1047 1378 1094 1408 vel

203 1423 389 1464 optimarum
405 1434 518 1461 rerum,
538 1429 574 1453 ut
589 1434 623 1454 ea
639 1429 710 1453 sunt
730 1434 799 1464 quae
822 1422 970 1463 profertiS‚
993 1421 1094 1452 sedata

203 1472 305 1496 tamen
327 1472 355 1496 et
371 1467 536 1507 tranquilla
556 1477 618 1497 esse
638 1466 757 1496 debent.
791 1466 866 1496 Jam
883 1465 1094 1505 aegritudinem

203 1509 338 1545 laudare,
362 1519 455 1539 unam
478 1520 542 1539 rem
563 1510 698 1539 maxime
721 1509 937 1545 detestabilem,
961 1517 1093 1548 quorum

202 1558 247 1582 est
277 1552 399 1582 tandem
430 1552 679 1594 philosophorum
691 1554 705 1583 ,⁹
751 1552 798 1582 At
831 1551 989 1582 commode
1017 1550 1095 1580 dixit

204 1595 367 1632 Afranius,

247 1657 270 1673 ‘⁶
284 1655 464 1685 Dummodo
479 1655 578 1685 doleat
593 1654 719 1695 aliquid,
737 1654 836 1685 doleat
851 1653 933 1694 quod
947 1652 1065 1683 lubet.''

204 1724 294 1756 Dixit
314 1725 396 1755 enim
417 1725 455 1755 de
471 1725 655 1756 adolescente
670 1724 787 1766 perdito
802 1734 836 1755 ac
851 1723 1014 1753 dissoluto:
1038 1732 1093 1752 nos

202 1774 305 1798 autem
327 1768 365 1798 de
386 1768 532 1798 constanti
555 1768 618 1798 viro
638 1779 672 1799 ac
695 1767 821 1808 sapienti
842 1766 1015 1807 quaerimus.
1050 1764 1093 1795 Et
