1226 1935
242 76 366 109 TUSC.
384 77 557 117 QUAEsT.
575 77 654 108 12113.
672 77 699 108 1.
727 78 810 109 CAP.
828 78 857 108 6.
942 78 1002 110 109

110 168 192 203 sunt,
214 163 246 193 in
267 164 418 194 misen'am
439 164 591 194 nascimur
612 163 837 204 sempiternam.
871 163 1001 194 Necesse

109 212 154 236 est
168 206 262 243 enim,
286 207 409 237 miseros
432 217 493 237 esse
513 217 562 237 eos
583 206 636 247 qui
658 212 779 237 centum
795 206 931 236 millibus
947 217 1001 236 an-

109 258 219 278 norum
239 255 308 279 ante
328 249 511 287 occiderunt,
533 250 580 279 vel
602 249 703 289 potius
723 258 838 286 omneS,
861 249 1002 289 quicum-

109 301 170 331 que
184 291 247 322 nati
259 298 339 322 sunt.
371 292 516 322 Auditor.
535 292 584 322 Ita
595 302 716 332 prorsus
732 291 880 321 existimo.
906 293 1002 322 Illar-

110 343 174 364 cus.
194 333 265 371 Dic,
290 345 403 375 quaeso,
426 345 501 364 num
524 340 553 364 te
573 335 626 364 illa
645 340 768 371 terrent,
790 334 898 374 triceps
919 334 1002 375 apud

109 376 219 408 inferos
235 378 394 414 Cerberus,
412 377 519 418 Cocyti
540 377 690 413 fremitus,
707 377 885 407 transvectio
899 377 1003 408 Ache-

110 420 216 456 rontis,
240 426 343 450 mento
358 430 511 450 summam
527 430 639 460 aquam
654 419 804 460 attingens
820 419 869 450 siti
881 425 1002 450 enectus

111 461 286 494 Tantalus?
310 473 385 493 num
401 463 490 501 illud,
507 463 590 504 quod

494 523 516 540 “
530 522 674 563 Sisyphu'
691 527 789 553 versat

151 564 266 595 Saxum
284 564 396 595 sudans
411 565 546 604 nitendo,
563 575 661 606 neque
676 566 793 606 proficit
808 565 907 595 hilum
920 565 957 596 ?”

114 633 253 664 Fortasse
269 634 359 664 etiam
383 633 583 664 inexorabiles
596 634 724 673 judices,
747 634 852 665 Minos
872 643 901 665 et
917 636 1003 666 Rha-

110 676 315 712 damanthus;
340 677 421 717 apud
442 688 517 717 quos
539 687 593 707 nec
609 683 637 707 te
654 677 691 706 L.
709 673 834 708 Crassus
849 678 1000 716 defendet,

109 729 164 750 nec
177 720 225 749 Μ.
239 720 405 757 Antonius,
420 730 474 750 nec
485 720 643 760 (quoniam
657 720 738 760 apud
752 721 873 751 Graecos
885 721 1002 760 judices

109 772 156 792 res
168 768 286 802 agetur)
308 763 417 803 poteris
432 762 573 792 adhibere
590 763 828 793 Demosthenem
843 775 850 793 :
875 764 930 794 tibi
946 764 1003 805 ipsi

109 815 165 845 pro
181 811 210 835 te
226 806 281 835 erit
296 806 431 835 maxim&
447 805 556 835 coron&
572 815 661 835 causa
676 805 810 835 dicenda.
847 806 923 836 Haec
941 807 1002 837 for-

110 853 187 878 tasse
202 848 322 886 metuis,
340 854 369 878 et
384 848 492 878 idcirco
509 854 639 877 mortem
655 858 755 878 censes
770 859 832 879 esse
847 850 1003 890 sempiter-

110 900 186 920 num
202 892 330 921 malum.
651 898 657 900 '

155 933 214 964 VI.
239 935 385 963 Auditor.
402 934 531 965 Adeone
550 944 600 964 me
621 933 746 964 delirare
764 945 875 973 censes,
897 941 932 965 ut
946 935 1003 966 ista

112 987 174 1007 esse
200 977 319 1006 credam
332 979 345 1007 Ρ
391 978 533 1006 Λίίινεηε.
564 977 618 1006 An
645 983 679 1006 tu
705 977 769 1007 haec
796 987 856 1007 non
882 979 976 1009 credis
987 980 1001 1009 ?

110 1020 140 1049 A
146 1020 256 1049 aditor.
269 1020 401 1049 Minime
414 1030 491 1050 vero.
517 1021 660 1049 sslarcus.
677 1019 773 1057 Male,
786 1020 918 1058 hercule,
932 1031 1002 1051 nar-

111 1073 168 1092 ras.
203 1063 349 1092 Auditor.
367 1063 455 1093 Cur?
480 1073 591 1103 quaeso.
616 1063 758 1092 Marcus.
777 1063 860 1100 Quia
875 1063 1003 1094 disertus

113 1115 175 1135 esse
195 1116 325 1146 possem,
343 1105 367 1135 si
383 1112 486 1135 contra
501 1106 557 1135 ista
578 1105 716 1136 dicerem.
755 1106 900 1135 Auditor.
924 1107 1004 1144 Quis

112 1148 194 1178 enim
214 1158 275 1178 non
290 1149 322 1178 'm
339 1148 487 1187 ejusmodi
508 1149 623 1179 causa?
647 1154 699 1178 aut
720 1149 794 1189 quid
814 1149 926 1189 negotii
948 1156 1002 1187 est,

111 1191 175 1222 haec
208 1195 366 1232 poetarum
397 1197 426 1221 et
456 1191 605 1231 pictorum
634 1197 772 1231 portenta
802 1191 976 1222 convincere
987 1194 1002 1223 Ρ

112 1235 255 1264 Marcus.
271 1234 372 1275 Atqui
392 1234 475 1275 pleni
495 1240 566 1264 sunt
581 1234 651 1264 libri
666 1240 768 1264 contra
783 1234 840 1264 ista
854 1235 919 1275 ipsa
934 1234 1002 1275 phi-

111 1277 306 1318 losophorum
333 1277 553 1317 disserentium.
599 1277 745 1306 Auditor.
774 1277 883 1318 Inepte
910 1288 980 1308 sane
991 1290 1000 1308 ε

112 1320 180 1361 quis
192 1326 235 1350 est
251 1320 331 1350 enim
348 1326 410 1350 tarn
423 1330 537 1357 excors,
551 1330 640 1360 quem
655 1320 711 1350 ista
722 1326 864 1350 moveant
876 1322 889 1350 ?
906 1322 1003 1350 Mar-

114 1373 174 1393 cus.
198 1363 231 1393 Si
252 1373 321 1403 ergo
337 1363 419 1403 apud
434 1363 545 1393 inferos
565 1363 666 1392 miseri
687 1372 748 1392 non
769 1368 850 1401 sunt,
874 1372 912 1392 ne
932 1370 1003 1394 sunt

112 1406 236 1446 quidem
253 1406 335 1446 apud
349 1406 458 1436 inferos
474 1406 538 1436 ulli.
564 1406 709 1435 Auditor.
728 1406 776 1436 Ita
791 1416 912 1446 prorsus
925 1407 1003 1437 exis-

112 1449 196 1479 timo.
230 1450 372 1478 Marcus.
388 1449 450 1479 Ubi
462 1459 532 1489 ergo
544 1454 615 1479 sunt
630 1448 662 1485 ii,
679 1458 754 1488 quos
766 1449 889 1478 miseros
901 1448 973 1479 dicis
988 1451 1002 1479 ?

113 1498 166 1522 aut
186 1501 278 1532 quem
294 1492 395 1522 locum
411 1492 547 1522 incolunt
561 1493 574 1521 Ρ
599 1491 632 1521 Si
653 1492 733 1521 enim
752 1498 833 1528 sunt,
850 1501 1003 1531 nusquam

114 1545 176 1565 esse
190 1544 251 1564 non
271 1540 406 1575 possunt.
430 1535 576 1564 Auditor.
594 1534 663 1574 Ego
678 1544 748 1564 vero
768 1544 920 1574 nusquam
942 1545 1004 1565 esse

113 1577 181 1608 illos
192 1583 275 1618 puto.
300 1579 444 1607 sslurcus.
462 1577 563 1617 Igitur
574 1587 612 1607 ne
624 1587 686 1606 esse
698 1576 831 1617 quidem.
855 1577 1003 1607 Auditor.

116 1620 243 1650 Prorsus
263 1620 320 1650 isto
340 1620 451 1656 modo;
476 1626 506 1650 et
525 1626 628 1650 tamen
649 1620 773 1650 miseros
793 1621 831 1650 ob
853 1619 884 1649 id
902 1619 1004 1661 ipsum

115 1661 250 1703 quidem,
268 1663 339 1703 quia
354 1663 432 1693 nulli
447 1669 526 1693 sunt.

159 1707 302 1736 Marcus.
319 1706 341 1736 J
344 1716 394 1735 am
409 1706 532 1736 mallem
549 1705 715 1736 Cerberum
729 1711 888 1742 metueres,
910 1715 1004 1746 quam

114 1748 172 1779 ista
195 1754 258 1778 tam
278 1748 494 1779 inconsiderate
515 1749 635 1780 diceres.
678 1748 825 1779 Auditor.
851 1747 916 1786 Qui
938 1754 1006 1779 tan-

157 1791 306 1829 (Philos.)
330 1799 414 1822 VOL.
432 1800 490 1822 111.
723 1798 744 1821 ι.
