1226 1935
262 61 322 94 DE
347 63 544 103 FINIBUS,
561 63 640 94 Lm.
654 63 715 95 1v.
732 63 815 96 CAP.
829 66 858 100 7·-
961 65 1002 100 37

121 146 243 186 Vivere,
259 149 453 180 adhibentem
469 150 624 181 scientiam
645 160 749 181 earum
761 160 862 181 rerum
875 161 944 192 quae
955 160 1009 181 na-

119 190 189 220 tura
212 192 373 223 evenirent.
405 193 501 224 Hunc
524 194 625 234 ipsum
650 194 780 224 Zenonis
807 194 892 224 aiunt
914 195 1008 225 finem

119 241 194 271 esse,
211 233 413 265 declarantem
427 236 516 273 illud,
533 236 615 277 quod
631 247 649 266 a
664 243 692 266 te
707 236 822 267 dictum
839 243 893 273 est,
901 248 1009 268 conve-

118 275 234 306 nienter
249 284 366 308 natura)
382 278 488 308 vivere.
512 279 658 308 Alterum
680 278 846 318 significare
866 280 959 317 idem,
975 287 1011 310 ut

119 317 144 347 si
160 317 317 357 diceretur,
334 320 431 350 officia
443 320 546 350 omnia
557 321 657 351 media
668 329 721 351 aut
736 321 879 362 pleraque
891 333 1011 353 servan-

118 361 302 400 tem,vivere.
315 362 395 402 Hoc,
409 363 450 394 sic
459 363 643 404 expositum,
651 363 795 394 dissimile
805 370 848 394 est
857 365 1012 406 superiori.

120 402 205 434 Illud
221 405 302 436 enim
314 412 429 436 rectum
445 412 500 444 est,
513 406 596 447 quod
609 406 781 446 κατορθωμα
797 407 926 445 dicebas,
940 419 1011 439 con-

120 446 271 488 tingitque
283 449 411 490 sapienti
423 450 497 480 soli:
521 450 579 480 hoc
590 455 693 480 autem
708 449 841 480 inchoati
852 451 1012 489 cujusdam

119 489 210 520 officii
231 497 286 526 est..
310 502 370 522 non
393 492 537 533 persecti3
561 492 644 533 quod
667 492 770 523 cadere
792 493 824 522 in
847 495 1010 525 nonnullos

120 531 295 574 insipientes
304 541 411 576 potest.
435 536 576 566 Tertium
589 541 703 574 autem,
715 535 856 566 omnibus
866 542 918 566 aut
930 547 1018 567 max-

122 575 192 607 imis
210 579 300 608 rebus
320 578 367 615 iis,
384 589 453 620 quae
474 579 641 609 secundum
662 584 803 609 naturam
825 579 896 615 sint,
912 579 1016 610 fruen-

121 624 195 658 tem,
212 621 330 652 vivere:
355 622 413 652 hoc
427 632 488 652 non
503 627 547 652 est
561 622 695 662 positum
710 621 742 651 in
757 622 860 652 nostrii
875 622 1010 653 actione:

121 663 291 704 completur
306 665 387 695 enim
403 671 432 695 et
453 676 490 695 ex
511 676 546 695 eo
566 675 674 705 genere
697 665 777 703 vitae,
799 665 882 705 quod
903 665 1013 696 virtute

121 704 238 744 finitur,
255 714 285 738 et
300 718 337 738 ex
352 708 388 738 iis
404 709 493 738 rebus
509 719 579 749 quae
595 707 761 738 secundum
774 714 914 738 naturam
930 715 1013 746 sunt,

121 757 221 790 neque
243 757 313 781 sunt
334 751 365 781 in
387 751 490 781 nostrii
510 757 665 792 potestate.
700 750 760 781 Sed
780 751 837 781 hoc
858 760 1016 782 summum

122 793 251 832 bonurn,
268 794 351 834 quod
367 794 454 824 tertia
471 794 687 834 significatione
705 793 896 834 intelligitur,
919 804 1015 834 eaque

123 835 196 874 vita,
213 847 282 877 quae
298 847 336 867 ex
351 848 473 868 summo
485 838 564 867 bono
580 837 710 877 degitur,
728 837 800 877 quia
816 837 977 876 conjuncta
989 837 1017 867 ei

122 879 218 910 virtus
233 886 288 919 est,
304 881 336 911 in
352 881 519 921 sapientem
540 881 640 910 solum
656 880 754 910 cadit:
779 880 865 920 isque
880 879 949 909 finis
964 881 1018 910 bo-

123 931 246 961 norum,
259 930 294 954 ut
306 926 344 955 ab
360 924 432 965 ipsis
448 924 556 954 Stoicis
568 923 714 964 scriptum
724 923 873 961 videmus,
884 933 902 952 a
911 922 1017 953 Xeno-

121 972 201 997 crate
216 973 307 1008 atque
323 969 361 998 ab
376 967 541 997 Aristotele
556 966 735 997 constitutus
751 972 804 996 est.

167 1010 247 1040 VII.
273 1011 382 1052 Itaque
397 1013 435 1042 ab
450 1010 498 1041 his
513 1009 687 1040 constitutio
702 1009 756 1039 illa
770 1009 871 1049 prima
885 1014 1014 1047 naturae,

121 1065 141 1085 a
155 1055 218 1096 qua
232 1061 266 1086 tu
282 1065 404 1096 quoque
423 1054 588 1091 ordiebare,
605 1052 652 1082 his
667 1062 760 1093 prope
775 1052 874 1082 verbis
889 1052 1016 1093 exponi-

123 1104 182 1129 tur.
216 1100 239 1117 “
252 1099 365 1130 Omnis
388 1104 498 1128 natura
518 1096 584 1127 vult
602 1106 664 1126 esse
683 1095 886 1126 conservatrix
906 1095 965 1133 sui,
981 1101 1018 1126 ut

123 1148 153 1172 et
169 1142 252 1173 salva
266 1142 315 1179 sit,
332 1147 361 1172 et
375 1142 407 1171 in
423 1150 531 1181 genere
546 1145 737 1170 conservetur
752 1138 840 1168 suo.’'
868 1138 923 1168 Ad
937 1138 1017 1169 hanc

123 1196 188 1216 rem
203 1185 290 1216 aiunt
304 1191 382 1216 artes
398 1194 520 1225 quoque
535 1181 704 1223 requisitas,
721 1192 791 1221 quae
805 1186 947 1211 naturam
963 1180 1017 1211 ad-

121 1230 286 1269 juvarent;
311 1229 342 1258 in
361 1229 473 1269 quibus
497 1237 532 1256 ea
553 1231 730 1255 numeretur
749 1224 781 1254 in
804 1223 922 1264 primis,
947 1234 1017 1264 quae

123 1280 168 1304 est
184 1272 304 1304 vivendi
319 1283 377 1310 ars,
394 1278 429 1301 ut
443 1275 564 1300 tueatur
579 1267 662 1309 quod
677 1278 695 1297 a
709 1268 819 1297 natura
834 1266 941 1297 datum
957 1267 1016 1303 sit3

125 1317 208 1358 quod
231 1316 318 1353 desit,
335 1314 491 1356 acquirat;
516 1312 669 1352 iidemque
687 1310 856 1341 diviserunt
873 1316 1017 1340 naturam

124 1359 256 1390 hominis
265 1359 298 1389 in
310 1358 449 1389 animum
458 1362 488 1387 et
497 1366 614 1396 corpus.
635 1355 778 1394 Cumque
787 1363 891 1384 eorum
903 1363 1019 1382 unum-

126 1403 270 1445 quodque
284 1412 337 1444 per
353 1412 384 1432 se
405 1398 609 1441 expetendum
630 1407 692 1428 esse
713 1397 870 1433 dixissent,
891 1395 1019 1426 virtutes

125 1457 249 1488 quoque
263 1445 422 1485 utriusque
437 1453 542 1473 eomm
557 1452 611 1482 per
626 1452 656 1471 se
672 1439 855 1481 expetendas
867 1449 929 1468 esse
940 1438 1020 1469 dice-

124 1492 200 1521 bant
211 1501 220 1526 ;
236 1488 310 1530 [et,]
324 1498 395 1518 cum
406 1486 546 1516 animum
557 1484 692 1526 quadam
703 1482 824 1513 infinita
834 1481 925 1512 laude
937 1487 1022 1512 ante-

125 1538 272 1575 ponerent
283 1531 410 1572 corpori,
422 1529 547 1559 virtutes
556 1538 678 1568 quoque
688 1526 783 1557 animi
792 1525 879 1556 bonis
889 1525 1020 1565 corporis

127 1577 359 1617 anteponebant.
373 1573 433 1604 Sed
442 1582 512 1602 cum
523 1571 701 1611 sapientiam
711 1569 802 1599 totius
812 1567 944 1598 hominis
954 1578 1022 1598 cus-

128 1620 230 1650 todem
243 1625 273 1649 et
286 1616 518 1659 procuratricem
529 1625 591 1644 esse
603 1614 726 1650 vellent,
737 1623 806 1652 quae
818 1616 893 1641 esset
906 1617 1024 1640 naturae

128 1673 228 1694 comes
238 1668 267 1692 et
276 1660 429 1701 adjutrix3
444 1659 501 1689 hoc
511 1656 665 1698 sapientia}
674 1665 788 1686 munus
798 1665 859 1685 esse
869 1654 1021 1701 dicebant,

128 1712 163 1737 ut
175 1716 246 1736 eum
257 1710 402 1741 tueretur,
413 1702 467 1743 qui
476 1705 624 1732 constaret
633 1711 670 1730 ex
680 1699 783 1729 animo
794 1704 823 1728 et
833 1706 972 1745 corpore3
989 1705 1021 1725 m

130 1755 259 1789 utroque
271 1748 393 1787 juvaret
407 1755 489 1782 eum,
506 1750 598 1787 atque
613 1742 788 1776 contineret.
812 1741 919 1782 Atque
934 1744 977 1770 1ta
992 1749 1024 1769 re

172 1792 321 1829 (Philas.)
339 1797 421 1822 VOL-
438 1796 494 1818 111.
739 1792 761 1815 Ε
