1180 1935
171 80 232 113 DE
250 80 357 112 NAT.
375 80 512 112 DEOR.
530 80 608 111 Lm.
628 81 674 112 11.
692 80 776 113 CM».
795 83 846 114 43.
891 84 954 120 377

66 176 161 209 quam
177 167 302 209 quidem
316 167 417 198 Graeci

111 240 133 255 ‘⁶
151 236 327 278 Engonasin
350 237 493 275 vocitant,
510 237 637 278 genibus
650 238 723 278 quia
738 239 811 269 nixa
826 240 950 271 feratur.

111 280 175 311 Hic
189 280 243 310 illa
257 280 369 310 eximio
383 281 480 321 posita
496 287 539 310 est
555 280 672 321 fulgore
688 282 848 324 Corona.”,

66 353 173 393 Atque
193 351 257 382 haec
277 350 402 392 quidem
422 361 441 381 a
461 356 566 392 tergo:
590 356 712 392 propter
736 358 827 392 caput
853 359 955 383 autem

65 395 292 436 Anguitenens,

110 468 133 484 ‘⁶
150 465 279 538 ngmu
290 465 370 495 claro
402 464 561 506 perhibent
594 463 796 506 Ophiuchum
832 466 956 497 nomine

226 518 290 538 ran.

110 551 172 582 Hic
186 561 290 592 pressu
305 550 420 591 duplici
435 550 608 591 palmarum
625 551 758 581 continet
772 560 917 591 anguem,

109 595 188 634 Ejus
204 600 234 625 et
248 594 312 635 ipse
327 600 430 624 manet
445 593 587 634 religatus
599 604 721 634 corpore
737 600 818 625 toto:

109 638 256 678 Namque
271 637 371 668 virum
386 636 522 667 medium
538 647 659 678 serpens
674 638 730 667 sub
751 643 872 678 pectora
892 637 954 668 cin-

215 681 246 710 't.

108 723 168 754 Ille
182 689 285 754 {ineu
296 723 395 753 nitens
410 722 541 763 graviter
556 723 681 763 vestigia
695 722 792 763 ponit⁷

105 769 214 808 Atque
228 767 330 797 oculos
342 772 430 807 urget
444 765 583 807 pedibus,
599 772 765 807 pectusque
781 766 919 808 Nepai-'⁹

64 845 188 885 Septem
200 847 303 873 autem
318 841 447 872 Triones
462 841 598 882 sequitur

108 904 132 921 ⁴⁴
148 901 372 942 Arctophylax,
388 901 480 941 vulgo
496 901 550 941 qui
564 900 674 930 dicitur
689 911 751 931 esse
768 901 878 931 Bootes
892 913 900 931 ε

107 945 202 984 Quod
213 945 300 985 quasi
315 951 434 975 temone
449 944 497 984 adj
503 950 626 974 unctam
640 955 703 985 prae
715 955 746 975 se
761 944 859 985 quatit
874 946 953 976 Arc-

194 988 294 1019 tum.''

63 1064 145 1095 Dein
161 1074 230 1105 quae
245 1068 423 1104 sequuntur.
447 1062 532 1092 Huic
547 1062 629 1092 enini
646 1062 737 1093 Booti

107 1145 229 1154 .........
247 1124 270 1140 “
287 1123 398 1153 Subter
411 1122 575 1162 praecordia
586 1122 648 1152 fixa
660 1122 780 1152 videtur

102 1166 199 1197 Stella
213 1165 327 1196 micans
342 1165 444 1204 radiis,
460 1165 611 1197 Arcturus
627 1166 751 1196 nomine
765 1166 846 1197 claro
858 1167 892 1197 ;”

59 1237 110 1274 cui
125 1237 260 1276 subjecta
274 1236 381 1273 fertur,

101 1300 126 1317 “
141 1297 269 1353 Spicum
283 1296 402 1326 illustre
420 1300 536 1334 tenens,
553 1295 724 1337 splendenti
739 1306 862 1338 corpore
878 1296 950 1327 vir-

183 1350 233 1381 gO.

101 1403 231 1434 XLIII.
261 1403 369 1445 Atque
392 1402 435 1434 ita
458 1402 609 1434 demetata
635 1403 721 1444 signa
746 1409 828 1441 sunt,
854 1409 889 1434 ut
918 1404 949 1433 in

59 1447 149 1478 tantis
164 1447 416 1488 descriptionibus
431 1446 534 1477 divina
549 1447 681 1477 sollertia
695 1453 848 1488 appareat.

102 1510 125 1527 “
139 1507 181 1538 Et
197 1513 282 1537 natos
298 1506 469 1537 Geminos
461 1517 512 1536 mv
514 1506 571 1536 ises
586 1508 642 1536 sub
658 1512 749 1547 caput
764 1506 863 1536 Arcti

101 1552 264 1590 Subjectus
279 1550 387 1580 mediae
403 1556 447 1579 est
463 1550 599 1585 Cancer3
622 1549 811 1590 pedibusque
826 1555 946 1579 tenetur

103 1594 237 1635 Magnu'
263 1594 339 1631 Leo,
359 1593 523 1624 tremulam
539 1593 678 1635 quatiens
693 1603 710 1623 e
725 1603 847 1633 corpore
863 1592 951 1623 flam-
987 1619 990 1623 .

187 1636 293 1667 mam.'

58 1697 180 1738 Auriga

102 1759 124 1775 ‘⁶
141 1757 205 1788 Sub
221 1754 298 1788 laeva
314 1754 518 1786 Geminorum
533 1754 691 1829 obdgctu?3
697 1760 782 1797 parte
798 1754 920 1786 feretur.

632 1807 654 1829 K
