1226 1935
194 56 236 86 46
319 55 381 87 DE
404 56 603 99 FINIBUS,
626 59 706 90 Lm.
723 59 784 91 IV.
808 57 892 91 CAP.
911 59 961 90 15.

193 147 238 172 est
252 152 408 174 summum
424 144 540 186 aliquid
555 151 646 187 atque
660 146 824 187 optimum,
840 150 876 177 ut
889 145 922 175 in
937 143 1034 185 equis,
1050 143 1083 174 in

193 185 338 222 canibus;
362 187 474 228 quibus
489 194 591 219 tamen
607 194 637 219 et
651 189 753 220 dolore
768 199 872 219 vacare
886 198 962 229 opus
977 193 1032 225 est,
1053 192 1084 216 et

193 228 301 258 valere.
325 229 374 260 Sic
389 230 481 270 igitur
496 231 528 261 in
543 232 666 262 homine
680 232 821 273 perfectio
840 232 908 268 ista,
924 231 956 260 'm
977 240 1012 260 eo
1030 240 1085 270 po-

192 270 345 302 tissimum
361 273 443 313 quod
458 280 502 304 est
517 275 679 315 optimum⁷
696 275 728 305 id
748 280 803 311 est,
824 274 856 304 'm
877 274 999 310 virtute,
1017 273 1085 302 laur.

191 313 291 345 datur.
324 316 433 357 Itaque
453 317 530 348 mihi
551 328 611 347 non
633 318 703 348 satis
721 317 866 348 videmini
886 316 1083 353 considerare,

191 357 274 397 quod
289 358 345 388 iter
360 359 398 389 sit
413 365 539 398 naturae,
556 371 685 402 quaeque
700 361 876 402 progressio.
901 360 974 389 Non
990 358 1083 396 enim,

191 400 274 439 quod
290 401 361 431 facit
376 402 407 431 in
423 403 571 443 frugibus,
589 410 633 441 ut,
650 414 720 434 cum
732 403 771 433 ad
786 404 899 444 spicam
911 401 1086 443 perduxerit

190 443 229 471 ab
256 443 361 481 herqu
388 446 540 486 relinquat
565 452 594 477 et
617 457 672 487 pro
698 447 794 476 nihilo
816 446 925 475 habeat
946 445 1084 482 herbam,

191 484 273 515 idem
288 486 359 517 facit
373 487 405 517 in
420 488 554 526 homine,
571 499 641 519 cum
658 500 729 519 eum
744 489 782 518 ad
801 488 924 518 rationis
943 487 1085 518 habitum

191 528 375 567 perduxerit.
405 532 531 572 Semper
547 532 628 561 enim
643 532 686 562 ita
701 531 828 562 assumit
841 530 969 572 aliquid,
986 536 1021 560 ut
1036 540 1082 567 ea,

191 581 261 611 quae
276 573 375 613 prima
389 573 515 612 dederit,
533 584 570 605 ne
585 574 711 605 deserat.

236 614 346 655 Itaque
371 616 507 647 sensibus
533 617 680 647 rationem
707 617 869 657 adjungit;
902 622 943 654 et,
970 615 1085 646 ratione

190 656 307 694 effecta,
325 668 428 689 sensus
448 669 508 689 non
528 660 681 700 relinquit.
714 660 759 690 Ut
779 660 803 689 si
824 660 943 689 cultura
962 658 1083 696 vitium,

191 701 279 738 cujus
294 701 351 731 hoc
365 712 479 732 munus
495 708 549 740 est,
566 708 600 732 ut
615 703 734 740 efficiat,
755 708 790 732 ut
810 702 878 732 vitis
899 712 968 732 cum
990 701 1085 742 parti-

191 743 249 772 bus
275 744 335 773 suis
361 745 503 775 omnibus
524 756 618 786 quam
639 746 753 787 optime
773 756 804 775 se
824 746 934 775 habeat
956 744 1021 779 (sed
1043 744 1084 774 sic

191 784 418 826 intelligamus3
442 788 512 819 licet
527 789 620 826 enim,
637 794 672 818 ut
687 799 739 819 vos
754 799 876 829 quoque
896 788 1007 825 soletis,
1027 787 1085 816 fin-

190 839 260 867 gere
275 829 392 870 aliquid
407 831 533 861 docendi
548 831 649 869 causa)
662 843 670 861 :
693 832 717 862 si
735 832 827 871 igitur
846 831 900 861 illa
910 831 1030 861 cultura
1041 830 1086 860 vi-

191 871 269 901 tium
285 872 317 902 in
333 873 393 903 vite
408 873 490 912 insit,
507 874 572 914 ipsa
592 880 698 905 caetera
719 875 833 912 (credo)
856 874 937 912 velit,
960 885 1029 914 quae
1046 873 1085 903 ad

191 915 349 945 colendam
372 917 463 946 vitem
486 918 670 955 attinebunt‚
694 918 771 947 sicut
792 924 899 953 antea3
928 927 959 946 se
981 922 1083 946 autem

191 958 334 989 omnibus
350 959 418 989 vitis
432 960 568 1000 partibus
584 961 733 1001 praeferat,
750 966 922 1000 statuatque
933 959 1009 989 nihil
1022 969 1085 989 esse

190 1001 300 1031 melius
321 1002 351 1031 in
371 1002 441 1040 vite,
461 1013 555 1043 quam
576 1014 626 1033 se:
651 1003 788 1033 similiter
808 1013 922 1038 sensus,
945 1012 1015 1032 cum
1036 1012 1085 1032 ac·-

190 1044 277 1073 cessit
297 1044 335 1074 ad
359 1051 512 1083 naturam,
535 1052 636 1076 tuetur
655 1046 741 1076 illam
762 1046 898 1086 quidem,
921 1045 972 1075 sed
993 1045 1085 1074 etiam

190 1092 293 1116 tuetur
317 1098 366 1117 se:
395 1099 465 1118 cum
488 1095 590 1119 autem
613 1094 747 1119 assumta
770 1089 845 1118 ratio
868 1094 922 1124 est,
946 1094 1030 1117 tanto
1052 1088 1084 1117 in

189 1129 347 1160 dominatu
363 1131 489 1169 locatur,
507 1138 542 1162 ut
560 1132 663 1162 omnia
680 1132 735 1162 issa
748 1131 848 1172 prima
862 1138 978 1162 naturae
993 1131 1086 1170 hujus

191 1173 294 1202 tutelae
309 1174 517 1212 subjiciantur.

235 1216 344 1256 Itaque
369 1227 429 1246 non
453 1217 578 1248 discedit
602 1219 640 1248 ab
664 1227 768 1248 eorum
789 1217 953 1254 curatione,
973 1216 1085 1257 quibus

189 1259 348 1299 praeposita
363 1259 457 1289 vitam
474 1271 596 1291 omnem
612 1261 701 1291 debet
716 1262 902 1301 gubernare:
928 1265 963 1289 ut
979 1259 1084 1288 mirari

190 1302 260 1331 satis
276 1312 380 1331 eorum
396 1303 628 1334 inconstantiam
644 1313 704 1334 non
717 1303 875 1343 possimus.
900 1303 1084 1332 Naturalem

190 1344 273 1374 enim
298 1345 513 1385 appetitionem
541 1350 648 1387 (quam
675 1353 782 1377 vocant
809 1348 922 1385 ὁρμην),
948 1345 1085 1385 itemque

190 1387 335 1425 officium⁷
352 1388 449 1428 ipsam
466 1389 556 1419 etiam
573 1390 727 1426 virtutem,
744 1394 880 1419 tuentem
899 1399 961 1418 esse
976 1388 1084 1418 volunt

191 1440 296 1460 earum
316 1441 430 1468 rerum,
453 1443 522 1472 quae
546 1432 711 1462 secundum
732 1439 873 1461 naturam
895 1437 984 1461 sunt:
1012 1441 1083 1460 cum

190 1479 293 1502 autem
309 1474 347 1503 ad
363 1485 519 1505 summum
536 1477 649 1505 bonum
667 1475 772 1506 volunt
791 1475 955 1515 pervenire,
977 1473 1084 1503 transi-

192 1515 271 1545 liunt
286 1517 403 1552 onmia3
425 1523 454 1547 et
469 1518 530 1548 duo
545 1518 631 1548 nobis
646 1529 737 1558 opera
752 1528 806 1557 pro
822 1527 883 1547 uno
895 1517 1083 1556 relinquunt,

191 1564 226 1588 ut
240 1559 300 1589 alia
315 1570 482 1598 sumamus,
499 1561 558 1591 alia
573 1568 763 1602 appetamus,
786 1560 886 1602 potius
906 1570 1001 1600 quam
1022 1569 1084 1589 unu

191 1601 251 1632 fine
266 1607 431 1643 utrumque
446 1604 636 1634 concludant.

235 1644 309 1675 XV.
342 1645 389 1676 At
415 1647 496 1677 enim
519 1648 584 1686 jam
608 1647 717 1683 dicitis,
745 1646 888 1676 virtutem
912 1655 974 1676 non
998 1654 1084 1686 posse

190 1687 342 1727 constitui,
368 1689 393 1719 si
416 1699 461 1727 ea,
486 1700 555 1730 quae
575 1696 660 1720 extra
683 1689 825 1720 virtutem
846 1689 916 1726 sint,
938 1688 977 1718 ad
998 1689 1084 1719 beate

191 1730 356 1763 vivendum
377 1732 566 1773 pertineant:
593 1732 676 1774 quod
698 1738 798 1763 totum
818 1737 922 1763 contra
944 1737 997 1762 est.
1030 1731 1085 1762 In-
