1226 1935
210 104 273 134 258
345 100 467 133 TUSC.
484 101 656 140 QUAEST.
674 103 752 134 Lm.
770 104 810 135 V.
828 104 911 135 CAP.
928 104 959 140 7.

213 190 368 230 integrum
390 198 451 219 non
472 194 524 219 est.
557 189 768 231 Superioribus
787 191 869 221 enim
891 189 1103 231 disputationi-

216 234 273 264 bus
295 232 435 262 effectum
454 237 508 268 est,
532 242 636 263 vacare
657 234 741 264 omni
762 234 857 263 animi
879 233 1105 274 perturbatione

217 275 394 316 sapientem.
434 275 570 306 Marcus.
602 277 761 307 Nimirum
785 277 877 317 igitur
900 276 1034 307 confecta
1058 286 1106 306 res

219 324 284 350 αἰὲς
310 317 428 348 videtur
448 318 528 347 enim
550 318 589 348 ad
610 320 724 350 exitum
743 320 857 349 venisse
878 319 1013 360 quaestio.
1038 319 1107 348 Au-

220 363 311 392 ditor.
338 360 565 401 Propemodum
589 362 620 391 id
644 362 777 403 quidem.
812 363 949 392 Marcus.
973 362 1108 392 Verum-

221 409 322 434 tamen
339 404 622 434 mathematicorum
637 406 691 435 iste
710 416 776 435 mos
797 412 851 441 est,
868 415 928 435 non
951 411 994 435 est
1010 405 1110 445 philo-

223 447 397 488 sophorum.
433 447 516 476 Nam
533 454 703 486 geometrae,
722 458 791 478 011111
807 448 923 489 aliquid
939 448 1043 478 docere
1059 458 1111 478 vo-

223 491 303 527 lunt,
321 490 345 519 si
359 489 433 530 quid
457 489 494 519 ad
510 500 576 519 eam
599 501 663 520 rem
679 491 808 531 pertinet
828 501 932 521 eorum
954 502 1022 531 qum
1043 496 1113 520 ante

224 533 402 569 docuerunt,
419 532 451 562 id
467 540 593 563 sumunt
606 544 661 574 pro
677 544 813 564 concesso
825 540 854 563 et
868 535 1011 574 probato:
1036 533 1114 563 illud

224 576 316 606 modo
343 575 507 616 explicant,
535 575 572 605 de
601 587 662 617 quo
688 582 758 606 ante
783 576 860 606 nihil
886 577 1030 617 scriptum
1058 582 1111 606 est.

225 618 416 658 Philosophi,
442 629 668 660 quamcumque
688 629 751 649 rem
775 619 888 649 habent
908 620 939 649 in
960 619 1113 657 manibus⁷

225 662 258 692 in
274 672 352 697 eam,
369 672 437 701 quae
453 662 646 697 conveniunt„
662 668 828 702 congerunt
843 662 956 698 onmia,
982 663 1035 692 etsi
1056 662 1116 692 alio

225 705 292 735 loco
308 704 460 744 disputata
476 711 555 734 sunt.
580 705 672 743 Quod
688 705 719 734 ni
732 705 774 735 ita
786 711 871 742 esset,
885 716 938 736 cur
950 706 1080 741 stoicus,
1092 705 1117 735 si

228 753 304 777 esset
329 747 503 788 quaesitum,
530 748 638 778 satisne
663 748 700 778 ad
726 750 812 778 beate
837 748 1000 779 vivendum
1022 749 1118 778 virtus

228 795 338 832 posset,
355 790 454 819 multa
469 790 604 821 diceret?
628 791 677 821 cui
693 792 763 821 satis
779 797 865 828 esset,
882 791 1070 831 respondere,
1088 801 1119 821 se

229 840 300 865 ante
315 833 460 870 docuisse,
477 834 554 863 1111111
569 835 684 864 bonum
700 845 772 871 esse,
789 834 847 864 nisi
861 834 943 875 quod
957 834 1119 864 honestum

231 883 327 909 esset:
352 876 409 906 1100
430 878 567 916 probato,
590 887 774 918 consequens
796 888 868 914 esse,
884 879 1004 907 beatam
1025 877 1120 907 vitam

230 919 343 950 virtute
358 930 419 949 esse
435 926 626 950 contentam:
651 926 691 957 et,
708 930 769 961 quo
784 920 874 950 modo
889 921 945 950 hoc
964 920 1001 950 sit
1019 930 1121 950 conse-

232 973 330 1003 quens
354 962 410 999 illi,
436 962 476 992 sic
496 963 573 992 illud
594 963 685 999 11111ος
710 969 755 1000 ut,
777 964 802 993 si
823 965 910 993 beata
931 964 993 993 vita
1013 963 1123 993 virtute

233 1011 374 1037 contenta
397 1005 445 1041 sit,
469 1006 526 1035 nisi
541 1006 701 1036 honestum
718 1006 798 1047 quod
815 1007 863 1043 sitq
882 1006 958 1036 1111111
980 1006 1064 1036 aliud
1084 1006 1122 1036 sit

233 1050 360 1080 bonum.
396 1048 455 1078 Sed
471 1054 573 1079 tamen
589 1059 649 1079 non
665 1056 760 1090 agunt
775 1049 824 1079 sic.
861 1050 944 1079 Nam
961 1056 990 1079 et
1011 1049 1048 1079 de
1068 1049 1124 1079 ho-

236 1097 331 1130 nesto,
349 1097 378 1122 et
393 1091 430 1121 de
451 1102 571 1121 summo
586 1093 676 1128 bono,
694 1092 853 1133 separatim
874 1092 944 1122 libri
965 1098 1055 1121 sunt:
1082 1098 1123 1129 et,

236 1145 308 1168 cum
333 1145 370 1165 ex
395 1145 429 1165 eo
450 1134 606 1171 efficiatur,
632 1135 702 1166 satis
727 1145 871 1175 magnam
895 1135 926 1164 in
954 1135 1063 1165 virtute
1086 1135 1125 1165 ad

237 1179 324 1209 beate
354 1177 517 1207 vivendum
549 1188 610 1208 esse
636 1178 710 1216 ν1111,
731 1178 928 1208 nihilominus
952 1178 1009 1208 hoc
1032 1184 1129 1219 agunt

238 1221 410 1261 separatim.
440 1221 573 1261 Propriis
589 1221 669 1251 enim
691 1227 720 1251 et
740 1221 800 1251 suis
821 1221 1006 1261 argumentis
1026 1227 1055 1251 et
1075 1221 1129 1251 ad-

238 1263 457 1294 monitionibus
478 1264 632 1294 tractanda
652 1274 781 1306 quaeque
804 1275 850 1295 res
870 1270 924 1303 est,
946 1270 1029 1294 tanta
1050 1275 1128 1305 prae-

239 1307 354 1340 sertim.

285 1350 367 1380 Cave
383 1350 462 1380 enim
479 1355 577 1391 putes,
591 1350 686 1380 ullam
699 1361 716 1381 a
727 1350 917 1392 philosophi&
928 1361 1030 1381 vocem
1040 1350 1129 1381 emis-

242 1403 307 1424 sam
323 1393 490 1429 clariorem‚
508 1394 644 1424 ullumve
659 1405 720 1424 esse
735 1395 932 1435 philosophiae
947 1394 1130 1435 promissum

244 1436 367 1467 uberius
393 1442 446 1466 aut
472 1437 581 1475 majus.
615 1437 699 1467 Nam
726 1438 800 1477 quid
827 1437 1008 1478 profitetur?
1032 1448 1050 1467 o
1076 1437 1132 1466 Dii

244 1479 336 1510 boni!
362 1479 561 1519 perfecturam
578 1490 619 1517 se,
637 1480 690 1521 qui
706 1480 822 1520 legibus
844 1481 905 1510 suis
920 1480 1077 1521 paruisset,
1097 1486 1132 1510 ut

245 1528 322 1553 esset
344 1528 447 1552 contra
469 1522 622 1552 fortunam
649 1534 766 1563 semper
792 1530 948 1559 armatus3
973 1530 1006 1553 ut
1030 1523 1133 1553 omnia

245 1565 385 1608 praesidia
408 1565 530 1595 haberet
553 1566 585 1595 in
610 1576 640 1595 se
663 1567 739 1596 bene
764 1568 909 1607 beateque
933 1566 1073 1602 vivendi;
1097 1572 1133 1596 ut

247 1615 323 1640 esset
332 1618 449 1648 semper
461 1608 590 1648 denique
599 1610 714 1639 beatus.
739 1610 797 1640 Sed
809 1610 920 1645 videro,
932 1609 1005 1649 quid
1016 1609 1133 1640 efficiat.

247 1651 411 1691 Tantisper
426 1651 482 1681 hoc
497 1651 598 1691 ipsum
614 1653 718 1691 magni
734 1653 859 1688 testimo,
872 1653 953 1693 quod
967 1652 1134 1693 pollicetur.

249 1696 334 1726 Nam
350 1694 468 1724 Xerxes
483 1695 619 1734 quidem,
636 1695 761 1726 refertus
779 1696 921 1726 omnibus
936 1695 1067 1736 praemiis
1083 1695 1138 1724 (10-

248 1739 355 1778 nisque
371 1737 509 1773 fortunae,
522 1747 581 1767 non
595 1738 742 1777 equitatu,
754 1749 812 1769 non
829 1739 1016 1779 pedesnibus
1032 1738 1135 1778 copiis,

250 1792 310 1814 non
330 1780 454 1811 navium
476 1781 683 1820 multitudine,
701 1792 760 1813 non
782 1782 900 1814 infinito
921 1781 1053 1823 pondere
1073 1781 1140 1813 auri
