1180 1935
148 80 209 113 DE
232 81 341 113 NAT.
357 81 494 114 DEOR.
511 81 591 113 Lm.
609 81 654 112 11.
671 81 756 113 CAP.
774 81 825 112 46.
869 80 930 111 381

93 165 176 198 Huic
195 174 298 198 autem
317 168 472 200 continens
491 168 553 217 a'er,
577 168 672 199 fertur
686 168 738 198 ille
752 167 880 215 quidem
892 166 935 196 le-

48 208 139 240 vitate
151 210 325 249 [sublimis;
332 213 344 253 ]
368 211 419 242 sed
431 217 531 241 tamen
544 211 575 241 in
587 221 692 241 onmes
707 217 805 252 partes
826 220 857 240 se
871 209 936 250 ipse

48 252 157 283 fundit.
183 254 291 294 ltaque
306 260 335 284 et
350 254 427 284 mari
442 254 633 284 continuatus
649 259 677 283 et
689 254 814 292 junctus
829 258 884 288 est,
906 258 936 282 et

46 296 156 326 natura
176 296 270 326 fertur
293 297 332 327 ad
352 297 484 333 coelum;
508 298 595 336 cujus
616 296 762 327 tenuitate
786 301 815 326 et
838 295 936 326 calore

46 342 240 379 temperatus,
265 340 387 370 vitalem
414 346 443 370 et
468 340 630 369 salutarem
657 339 797 380 spiritum
823 339 937 379 praebet

46 381 262 412 animantibus.
301 383 403 421 Quem
433 383 593 423 complexa
619 392 740 412 summa
765 392 833 422 pars
859 381 936 417 coeli,

45 434 115 464 quae
131 426 225 455 aethra
240 425 359 463 dicitur,
376 431 405 456 et
420 436 509 457 suum
531 426 637 455 retinet
654 424 792 455 ardorem
814 430 936 454 tenuem

45 472 76 496 et
96 467 182 497 nulla
201 468 387 499 admixtione
406 474 591 506 concretum,
610 473 724 499 etcum
745 467 821 498 a'e'ris
837 472 936 497 extre-

46 509 152 540 mitate
167 511 370 551 conjungitur.

88 552 213 584 XLVI.
238 554 277 584 In
293 554 401 584 aethere
416 560 518 584 autem
534 560 613 584 astra
628 554 803 591 volvuntur,
820 563 889 593 quae
905 562 936 582 se

45 600 75 625 et
101 595 175 626 nixu
202 607 256 626 suo
281 597 460 637 conglobata
486 597 651 635 continent,
678 602 718 634 et,
746 596 845 626 formal
871 595 938 636 ipsa

46 638 215 680 figuraque,
240 650 294 669 sua
314 645 469 670 momenta
484 645 661 670 sustentant.
690 641 770 669 Sunt
786 639 867 668 enim
889 648 938 667 ro-

47 681 162 717 tunda;
179 682 290 723 quibus
302 682 406 712 formis
419 685 467 717 (ut
478 689 548 712 ante
559 683 670 712 dixisse
682 682 796 717 videor)
810 681 937 711 minime

46 724 145 754 noceri
165 730 271 765 potest.
299 726 378 756 Sunt
399 732 501 755 autem
522 726 615 755 stellae
635 726 745 755 natura
765 724 934 754 flammeae:

45 767 195 807 quocirca,
219 774 315 806 terrae,
335 768 438 807 maris,
460 779 608 809 aquarum
628 768 789 809 vaporibus
813 768 938 797 aluntur

45 809 93 847 iis,
116 811 170 851 qui
189 822 208 841 a
225 811 297 848 sole,
321 822 359 841 ex
374 811 453 852 agris
468 811 621 852 tepefactis
637 817 666 841 et
682 822 719 841 ex
734 811 832 851 aquis,
857 809 938 840 exci-

45 857 167 890 tantur3
185 854 296 894 quibus
307 855 376 884 altae
388 860 597 895 renovataeque
610 855 715 890 stellae,
731 860 823 895 atque
838 852 938 883 omnis

44 895 148 933 aether,
160 897 326 927 refundunt
338 897 454 934 eadem,
471 905 501 928 et
515 908 636 927 rursum
649 897 774 927 trahunt
789 896 937 933 indidem,

45 938 122 968 nihil
137 945 172 969 ut
187 939 248 970 fere
259 941 396 977 intereat,
413 946 466 970 aut
481 940 648 970 admodum
664 940 838 980 paululum,
855 938 938 980 quod

44 987 194 1012 astrorum
209 983 287 1023 ignis
303 990 332 1014 et
347 983 465 1014 aetheris
481 984 606 1013 flamma
622 989 788 1013 consumat.
812 982 863 1012 Ex
876 992 938 1023 quo

45 1031 224 1056 eventurum
246 1027 339 1057 nostri
359 1032 470 1067 putant
489 1027 531 1064 id,
552 1026 589 1056 de
610 1037 672 1067 quo
694 1026 866 1056 Panaetium
885 1025 939 1054 ad-

44 1067 182 1099 dubitare
200 1069 350 1108 dicebant,
375 1077 410 1100 ut
429 1069 468 1099 ad
487 1075 658 1100 extremum
683 1069 781 1099 onmis
803 1068 938 1098 mundus

44 1110 227 1151 ignesceret‚
219 1123 227 1130 ·
252 1123 334 1149 cum,
357 1113 486 1143 humore
501 1119 670 1149 consumto,
688 1122 786 1153 neque
802 1119 881 1141 terra
896 1110 937 1140 ali

43 1160 154 1193 posset,
171 1165 269 1196 neque
289 1162 435 1186 remearet
450 1156 521 1192 aer·
546 1157 632 1194 cujus
648 1160 742 1192 ortus,
759 1165 840 1195 aqua
854 1153 939 1184 omni

44 1196 203 1236 exhausta,
227 1209 289 1228 esse
309 1209 369 1229 non
385 1205 503 1240 posset:
528 1199 571 1228 ita
585 1198 717 1239 relinqui
733 1197 810 1227 nihil
831 1202 940 1238 praeter

44 1238 169 1279 ignem3
193 1251 211 1270 a
226 1252 287 1282 quo
302 1252 424 1271 rursum
442 1242 608 1279 animante,
632 1252 666 1271 ac
682 1241 761 1278 Deo,
784 1240 939 1271 renovatio

45 1283 154 1313 mundi
169 1283 263 1322 fieret,
280 1291 372 1325 atque
386 1285 468 1315 idem
484 1291 607 1315 ornatus
622 1284 761 1314 oriretur.

90 1326 173 1356 Nolo
198 1326 230 1356 in
257 1327 413 1358 stellarum
440 1327 554 1358 ratione
579 1328 696 1357 multus
722 1326 807 1357 vobis
833 1325 939 1363 videri,

46 1369 242 1411 maximeque
267 1381 372 1400 earum
399 1381 468 1412 quae
494 1381 591 1401 errare
617 1370 780 1405 dicuntum
809 1379 941 1410 quarum

46 1417 149 1442 tantus
174 1418 218 1443 est
244 1419 404 1444 concentus
430 1424 467 1444 ex
490 1408 699 1444 dissimillimis
721 1393 865 1449 mo'tibus,
892 1418 939 1449 ut,

47 1464 118 1485 cum
143 1465 264 1486 summa
287 1457 411 1486 Saturni
434 1456 599 1497 refrigeret,
631 1456 732 1487 media
757 1455 869 1485 Martis
893 1454 941 1483 in-

49 1497 167 1535 cendat,
190 1498 237 1529 his
252 1499 406 1538 interjecta
418 1500 439 1529 J
443 1500 506 1530 ovis
521 1500 650 1529 illustret
666 1505 694 1529 et
711 1504 867 1539 temperet,
892 1497 940 1526 in-

48 1540 156 1581 fraque
167 1541 302 1572 Martem
318 1542 386 1572 duae
401 1542 464 1573 Soli
476 1542 628 1579 obediant,
645 1542 709 1582 ipse
721 1542 774 1572 Sol
786 1540 940 1570 mundum

47 1592 171 1615 omnem
186 1595 241 1614 sua
251 1585 318 1615 luce
330 1586 490 1626 compleat,
506 1587 544 1616 ab
557 1595 652 1626 eoque
664 1585 756 1615 Luna
767 1583 942 1614 illuminata

48 1626 241 1666 graviditates
268 1633 297 1658 et
322 1634 426 1669 partus
452 1628 567 1667 afferat,
598 1627 848 1676 maturitatesque
873 1626 941 1674 gig-

49 1669 150 1699 nendi.
183 1670 263 1708 Quae
283 1672 435 1711 copulatio
459 1682 572 1709 rerum,
595 1677 624 1701 et
648 1670 734 1711 quasi
754 1669 942 1700 consentiens

47 1711 87 1743 ad
101 1713 210 1745 mundi
220 1713 461 1746 incolumitatem
473 1714 695 1756 coagmentatio
707 1719 834 1752 naturae,
848 1721 941 1754 quern
