1226 1935
247 74 370 107 TUSC.
387 76 560 116 QUAEST.
577 75 657 106 Lm.
671 75 737 107 111.
754 77 838 108 CAP.
851 76 903 107 26.
957 77 1021 112 207

132 158 269 192 tudinem
290 168 379 198 λυπην
400 161 601 204 Chrysippus,
620 163 707 204 quasi
725 161 836 203 [Mo-av,
853 162 884 193 id
901 163 961 204 est]
975 173 1022 193 so-

131 201 280 235 lutionem
293 205 385 236 totius
400 206 542 243 hominis,
556 206 740 247 appellatam
752 212 858 246 putat:
876 216 945 247 quae
960 212 1023 236 tota

129 247 238 286 poterit
253 249 350 287 evelli,
359 249 509 290 explicata
519 253 567 284 (ut
579 249 727 290 principio
742 249 819 286 d'nni)
832 250 922 280 causa
933 249 1021 289 aegri-

130 289 253 321 tudinis.
278 291 335 322 Est
351 292 432 323 enim
448 293 534 322 nulla
549 293 619 329 alia,
636 292 693 322 nisi
709 292 811 333 opinio
826 298 855 322 et
868 291 1020 332 judicium

130 334 234 373 magni
249 335 403 375 praesentis
415 341 505 377 atque
515 335 650 376 urgentis
661 336 744 365 mali.
770 335 879 376 Itaque
892 341 921 365 et
935 335 1021 365 dolor

129 377 271 416 corporis,
296 379 382 417 cujus
398 385 442 409 est
456 389 574 409 morsus
593 379 767 416 acerrimus,
791 378 950 419 perfertur,
968 388 1021 418 spe

128 420 281 459 proposita
303 422 394 452 boni:
425 428 454 452 et
475 428 541 452 acta
561 428 632 452 aetas
652 422 776 452 honeste
803 432 837 452 ac
863 421 1020 462 splendide

128 465 244 493 tantam
261 463 346 494 affert
361 465 607 502 consolationem,
624 470 659 495 ut
674 475 734 502 eos,
751 464 804 505 qui
819 464 862 494 ita
876 464 1019 502 vixerint,

126 510 181 577 {ult
197 515 258 537 non
274 513 378 548 tangat
390 508 548 549 aegritudo,
560 514 613 539 aut
628 508 787 549 perleviter
796 514 914 548 pungat
923 507 1019 537 animi

150 558 167 577 0
180 558 222 578 or.

170 591 298 624 XXVI.
322 594 382 625 Sed
397 594 435 624 ad
449 594 528 625 hanc
543 593 718 635 opinionem
733 594 839 635 magni
854 593 928 624 mali
944 604 1016 624 cum

126 633 180 664 illa
195 636 287 666 etiam
302 637 404 678 opinio
419 638 583 675 accesserit,
591 638 750 679 Oportere,
764 643 879 667 rectum
890 647 963 674 esse,
979 637 1019 667 ad

125 677 260 709 officium
276 680 436 721 pertinere,
454 681 530 711 ferre
551 681 639 718 illud,
662 690 739 721 aegre
755 680 838 721 quod
857 680 1017 717 acciderit;

126 725 195 751 tum
210 722 343 764 denique
363 723 490 754 efficitur
504 724 558 754 illa
576 723 676 764 gravis
696 723 882 764 aegritudinis
898 729 1017 765 pertur-

126 765 217 795 batio.
242 766 292 796 Ex
308 767 365 796 hac
379 767 520 808 opinione
536 773 607 797 sunt
621 767 674 797 ina
690 767 771 797 varia
787 773 815 797 et
830 766 1018 797 detestabilia

124 817 235 847 genera
249 809 385 850 lugendi,
407 809 552 850 paedores,
572 810 734 840 muliebres
755 810 949 840 lacerationes
964 820 1017 850 ge-

124 860 245 889 narum,
256 853 394 893 pectoris,
406 853 567 891 feminum,
579 853 684 894 capitis
693 853 907 893 percussiones.
932 853 1017 883 Hinc

123 893 174 924 ille
188 895 408 935 Agamemnon
427 895 619 934 Homericus,
636 902 666 926 et
680 896 761 926 idem
776 896 943 934 Accianus,

166 956 189 972 “
205 956 350 986 Scindens
365 956 468 987 dolore
483 956 649 987 identidem
665 957 817 987 intonsam
833 956 988 987 comam-’⁹

125 1026 162 1056 In
183 1037 244 1067 quo
264 1027 396 1058 facetum
416 1027 494 1058 illud
514 1028 632 1066 Bionis,
655 1028 780 1069 perinde
801 1027 1014 1058 stultissimum

122 1080 223 1110 regem
239 1070 271 1100 in
285 1071 370 1101 luctu
391 1071 536 1112 capillum
553 1071 609 1101 sibi
630 1072 767 1109 evellere,
785 1071 872 1112 quasi
894 1071 1014 1102 calvitio

122 1122 232 1143 moeror
246 1114 404 1145 levaretur.
429 1114 489 1145 Sed
504 1115 569 1145 haec
587 1115 692 1145 omnia
706 1114 832 1151 faciunt,
855 1115 1013 1155 opinantes

121 1155 164 1186 ita
179 1156 243 1186 fieri
258 1163 403 1198 oportere.
428 1158 538 1199 Itaque
553 1164 582 1188 et
604 1158 765 1188 AEschines
781 1158 812 1187 in
828 1157 1013 1188 Demosthe-

122 1209 193 1229 nem
209 1200 372 1239 invehitur,
394 1201 476 1241 quod
491 1201 527 1240 is,
549 1201 677 1242 septimo
697 1201 746 1231 die
760 1207 828 1242 post
842 1201 912 1231 filiae
931 1211 1014 1231 mor-

121 1247 194 1279 tem,
212 1243 323 1274 hostias
338 1243 533 1275 immolasset.
557 1245 603 1274 At
623 1254 717 1285 quam
733 1244 893 1275 rhetorice!
918 1254 1013 1285 quam

120 1285 252 1326 copiose!
278 1297 353 1327 quas
370 1287 531 1318 sententias
546 1287 678 1328 colligit!
703 1298 773 1329 quae
788 1289 879 1318 verba
894 1294 1012 1318 contor-

120 1329 208 1370 quet!
235 1336 269 1360 ut
283 1330 372 1360 licere
384 1330 503 1372 quidvis
519 1330 630 1361 rhetori
644 1331 804 1371 intelligas.
829 1330 909 1369 Quae
921 1340 1012 1361 nemo

119 1373 270 1413 probaret,
281 1374 338 1403 nisi
350 1373 475 1404 insitum
487 1373 564 1404 illud
573 1374 605 1404 in
617 1374 726 1404 animis
738 1374 930 1412 haberemus,
943 1384 1010 1405 om-

120 1425 173 1445 nes
188 1417 282 1447 bonos
302 1417 425 1447 interitu
442 1427 567 1447 suorum
586 1428 679 1458 quam
696 1418 871 1458 gravissime
886 1427 1012 1447 moerere

120 1464 264 1499 oportere.
288 1459 340 1490 Ex
355 1460 411 1490 hoc
428 1460 538 1497 evenit,
555 1465 601 1499 ut,
617 1461 649 1491 in
665 1461 761 1491 animi
776 1461 942 1498 doloribus,
959 1461 1011 1490 alu

118 1501 293 1533 solitudines
302 1508 434 1544 captent,
448 1510 482 1533 ut
493 1503 535 1534 ait
545 1504 701 1534 Homerus
713 1504 751 1535 de
762 1504 1009 1545 Bellerophonte,

163 1564 185 1578 “
202 1561 266 1599 Qui
281 1563 372 1593 miser
387 1563 418 1592 in
434 1564 549 1604 campis
563 1573 692 1594 moerens
708 1564 826 1594 errabat
841 1563 940 1601 Aleis,

161 1604 232 1645 Ipse
248 1615 338 1636 suum
354 1616 403 1636 cor
419 1606 520 1644 edens,
535 1606 697 1637 hominum
713 1607 838 1648 vestigia
854 1605 985 1637 vitans.''

117 1673 160 1704 Et
171 1674 272 1705 Nioba
281 1674 544 1717 fingiturlapidea,
554 1682 677 1718 propter
689 1682 836 1707 aeternum
847 1676 962 1713 (credo)
974 1675 1006 1706 in

116 1717 200 1747 luctu
221 1717 384 1748 silentium.
420 1719 582 1750 Hecubam
606 1727 709 1750 autem
735 1726 856 1761 putant,
884 1725 1006 1760 propter

116 1760 211 1791 animi
226 1761 418 1792 acerbitatem
434 1762 602 1803 quamdam
623 1769 653 1794 et
671 1763 799 1802 rabiem,
819 1763 895 1804 fingi
909 1763 941 1793 in
956 1773 1006 1794 ca·
