1226 1935
241 77 302 110 DE
326 78 434 109 NA'r.
452 77 590 110 DEOR.
616 77 695 109 Lm.
714 77 740 108 Ι.
757 78 841 110 Cn.
858 78 910 108 21.
955 79 1018 109 313

129 163 249 194 nullam
264 170 366 194 tamen
382 174 467 195 oram
483 164 585 194 ultimi
600 164 710 201 videat,
727 164 759 194 in
780 164 842 204 quit
862 164 955 205 possit
972 165 1020 194 in-

129 206 241 237 sistere.
268 208 304 237 In
315 207 371 237 hac
383 207 476 247 igitur
487 207 689 237 immensitate
700 207 909 243 latitudinum,
922 207 1022 248 longi-

130 249 285 286 tudinum,
311 250 520 286 altitudinum,
543 250 660 280 infinita
683 250 727 280 vis
749 250 1019 280 innumerabilium

131 292 236 323 volitat
247 299 418 323 atomorum
430 304 439 328 3
458 304 536 334 quan
549 293 703 331 interjecto
714 293 807 329 inani,
819 292 1022 323 cohaerescunt

130 341 231 365 tamen
247 336 325 366 inter
337 346 378 371 se,
397 343 426 366 et
439 336 507 366 alia·
523 337 595 366 alias
612 336 869 376 apprehendentes
885 336 1022 365 continu-

129 384 220 408 antur
233 389 241 408 :
266 389 303 409 ex
327 389 388 419 quo
413 379 583 409 efficiuntur
607 379 654 408 hae
679 389 780 409 rerum
801 379 906 408 formae
930 386 1022 419 atque

130 420 246 461 flaura«,
261 432 336 462 quas
352 432 403 451 vos
419 421 495 452 effici
510 432 596 462 posse
608 422 671 451 sine
683 422 806 452 follibus
821 427 850 451 et
862 421 1023 452 incudibus

128 472 188 493 non
205 471 269 504 put·
270 465 327 494 1115
364 465 474 505 Itaque
488 464 673 505 imposuistis
688 464 719 494 in
736 464 899 495 cervicibus
916 465 1024 495 nostris

129 516 169 536 581
161 507 266 547 ,1111118
259 518 347 537 mum
363 508 535 556 dominum,
552 517 643 548 quem
660 507 723 538 dies
739 514 768 537 et
783 513 883 537 noctes
902 507 1023 537 timere-

128 559 206 579 mus.
240 550 319 588 Quis
342 551 423 581 enim
444 560 504 580 non
521 551 627 580 timeat
641 551 744 580 omnia
759 550 979 591 providentem,
993 556 1023 580 et

126 593 321 633 cogitantem,
338 599 367 623 et
379 593 680 631 animadvertentem,
700 600 728 623 et
740 593 843 623 omnia
858 593 896 623 ad
909 603 939 623 se
954 603 1023 634 per-

125 635 219 666 tinere
229 642 400 677 putantem,
413 637 577 673 curiosum,
591 643 620 666 et
629 637 756 677 plenum
767 636 879 676 negotii
890 636 994 666 Deum
1006 638 1021 667 ?

170 678 255 710 Hinc
270 680 353 710 vobis
369 679 485 710 exsistit
504 680 640 720 primum
658 679 711 709 illa
733 679 833 709 fatalis
851 679 1021 717 necessitas,

128 732 222 763 quam
237 726 414 761 Ειμαρμενην
427 722 546 758 dicitis;
566 728 611 761 ut,
628 722 779 763 quidquid
794 722 919 759 accidat,
936 722 967 752 id
983 732 1021 752 cx

126 764 238 795 aeternzi
253 765 387 801 veritate,
404 776 625 806 causarumque
647 765 882 803 continuatione,
900 765 1023 795 fluxisse

127 807 242 838 dicatis.
273 808 392 845 Quanti
414 814 517 838 autem
541 808 606 839 haec
625 808 819 849 philosophia
845 808 1022 838 aestimanda

127 857 182 888 est,
204 851 264 888 cui,
282 858 441 891 tamquam
463 852 602 889 aniculis,
627 858 657 881 et
675 851 710 881 iis
732 851 856 892 quidem
881 851 1021 889 indoctis,

126 893 190 924 fato
205 894 269 924 fieri
284 894 444 924 videantur
457 895 561 924 omnia
575 896 588 925 :³
612 894 757 935 Sequitur
771 907 896 932 μαυτικη
910 900 1020 931 vestra,

126 947 196 977 quae
220 937 330 967 Latine
350 938 502 967 divinatio
525 937 655 973 dicitur-3
681 937 743 978 qua
765 937 850 967 tanta
870 937 1022 967 imbuere-

126 990 198 1010 mur
218 980 439 1021 superstitione,
461 981 486 1010 si
506 991 558 1011 vos
579 980 683 1010 audire
698 980 857 1017 vellemus,
874 987 909 1010 ut
928 980 1022 1010 haru-

127 1023 232 1063 spices,
254 1033 396 1063 augures,
412 1023 532 1062 harioli,
548 1031 642 1063 vates,
665 1029 694 1054 et
717 1024 909 1063 conjectores,
932 1022 1021 1053 nobis

130 1072 227 1096 essent
242 1065 367 1096 colendi.

170 1109 230 1139 His
245 1109 407 1139 terroribus
423 1110 461 1140 ab
483 1109 619 1150 Epicuro
635 1109 737 1147 soluti,
755 1115 784 1139 et
799 1109 831 1139 in
847 1109 1019 1140 libertatem

126 1151 280 1189 vindicati,
292 1161 347 1182 nec
358 1153 525 1182 metuimus
535 1163 595 1191 eos,
607 1163 683 1193 quos
692 1152 891 1193 intelligimus
901 1162 955 1183 nec
965 1152 1022 1182 sibi

125 1194 239 1235 fingere
260 1195 355 1225 ullam
377 1196 559 1234 molestiam,
581 1206 636 1226 nec
651 1195 737 1226 alteri
752 1194 904 1236 quaere‘re:
930 1201 959 1226 et
974 1195 1024 1236 pie

125 1244 286 1279 sancteque
306 1237 434 1268 colimus
455 1244 596 1269 naturam
617 1239 814 1269 excellentem
833 1244 924 1279 atque
945 1249 1022 1279 prae-

127 1286 266 1311 stantem.
289 1281 360 1316 Sed,
374 1281 470 1312 elatus
480 1281 591 1319 studio,
599 1292 713 1319 vereor,
724 1291 762 1311 ne
770 1281 888 1321 longior
900 1281 1022 1311 fuerim.

125 1323 202 1354 Erat
218 1329 322 1354 autem
337 1324 469 1363 difficile,
482 1335 547 1355 rem
557 1331 685 1362 tantam,
696 1330 822 1365 tamque
833 1325 1022 1365 praeclaram,

124 1366 298 1397 inchoatam
321 1367 489 1408 relinquere
500 1379 509 1397 ε
534 1377 724 1408 quamquam
740 1377 801 1397 non
819 1373 884 1397 tam
904 1367 1023 1398 dicendi

127 1410 203 1440 ratio
218 1410 296 1440 mihi
305 1410 446 1441 habenda
460 1410 530 1447 fuit,
543 1420 638 1451 quam
653 1410 807 1440 audiendi.

169 1453 265 1484 XXI.
290 1453 377 1483 Tum
387 1453 490 1491 Cotta,
503 1454 639 1490 comiter,
653 1459 688 1483 ut
703 1454 829 1489 solebat,
846 1452 959 1494 Atqui,
976 1453 1024 1483 in-

127 1495 206 1537 quit,
223 1496 336 1533 Vellei,
348 1496 405 1526 nisi
420 1502 453 1526 tu
469 1496 587 1537 aliquid
599 1497 737 1535 dixisses,
750 1496 829 1526 nihil
839 1506 910 1526 sane
920 1507 957 1526 ex
973 1506 1023 1526 me

125 1538 251 1579 quidem
271 1539 376 1569 audire
401 1539 556 1580 potuisses.
595 1539 680 1569 Mihi
705 1540 787 1570 enim
802 1549 863 1569 non
884 1546 948 1569 tam
978 1539 1024 1569 fa-

127 1581 183 1612 cile
198 1582 230 1611 in
245 1588 380 1612 mentem
396 1582 497 1613 venire
512 1582 598 1619 solet,
615 1592 709 1623 quare
723 1592 830 1613 verum
844 1582 881 1612 sit
893 1581 1022 1622 aliquid,

127 1634 221 1665 quam
237 1635 331 1665 quare
351 1624 474 1654 falsum.
505 1625 615 1666 quue,
633 1635 703 1656 cum
719 1636 809 1666 saepe,
822 1631 889 1654 tum
905 1635 977 1655 cum
992 1631 1023 1655 te

126 1666 264 1697 audirem
287 1667 379 1708 paulo
406 1674 486 1706 ante,
512 1668 646 1709 contigit.
680 1669 782 1708 Roges
808 1678 869 1705 me,
897 1668 1021 1708 qualem

125 1709 266 1741 Deorum
281 1716 423 1741 naturam
438 1721 501 1742 esse
515 1711 615 1744 dicam
628 1723 637 1743 ε
662 1711 741 1743 nihil
755 1711 880 1744 fortasse
900 1720 1024 1752 respon-

169 1754 321 1792 (Plsilos.)
338 1762 423 1786 voL.
442 1763 501 1786 111.
704 1755 724 1785 2
738 1762 760 1785 Ε
