1226 1935
201 89 262 120 122
327 89 450 121 TUSC.
469 88 641 128 QUAEST.
659 88 738 120 Lm.
756 89 784 120 1.
807 89 891 122 CAP.
910 90 960 121 19.

199 175 368 216 proximus.
400 175 534 206 Calidior
557 180 601 206 est
622 175 715 213 enim,
737 176 785 206 vel
804 176 904 216 potius
925 174 1088 213 ardentior,

200 219 331 255 animus,
355 229 448 259 quam
464 224 507 249 est
522 217 571 248 hic
586 221 648 255 aefr,
665 228 757 259 quem
772 218 862 248 modo
878 218 941 248 dixi
957 229 1090 249 crassum

201 267 293 301 atque
313 267 485 292 concretum
498 273 506 291 ι
531 261 613 302 quod
629 272 665 291 ex
682 272 715 291 eo
731 261 797 291 sciri
812 267 919 302 potest,
940 261 1012 301 quia
1027 272 1092 291 cor-

201 314 274 344 pora
298 310 408 341 nostra,
432 310 549 334 terreno
573 304 791 345 principiorum
813 314 920 344 genere
944 303 1091 343 confecta,

201 347 306 377 ardore
322 347 416 377 animi
432 347 648 377 concalescunt.

246 390 342 420 XIX.
366 390 505 427 Accedit,
529 396 564 419 ut
588 400 622 420 eo
646 389 763 420 facilius
784 389 904 420 animus
927 389 1034 420 evadat
1053 399 1092 420 ex

201 432 258 462 hoc
273 436 351 470 ae‘re,
369 443 461 473 quem
477 443 555 472 saepe
572 433 637 470 jam
658 433 777 473 appello
798 443 942 470 crassum,
960 443 1093 473 eumque

201 481 388 516 perrumpat,
405 475 487 516 quod
503 475 579 505 nihil
594 482 637 505 est
652 476 754 505 animo
770 475 920 511 velocius3
944 476 1030 505 nulla
1048 482 1093 506 est

201 518 346 555 celeritas,
359 529 428 559 quae
439 519 532 558 possit
547 528 617 548 cum
629 518 724 548 animi
740 518 887 548 celeritate
903 518 1090 548 contendere.

202 561 267 598 Qui
288 561 312 590 si
330 567 485 601 permanet
500 561 703 601 incorruptus,
720 561 826 601 suique
841 561 958 597 similis,
975 571 1093 591 necesse

202 610 246 633 est
270 604 311 633 ita
332 604 456 639 feratur,
480 609 515 633 ut
535 609 670 643 penetret
690 609 719 633 et
739 603 853 634 dividat
872 614 963 633 omne
983 604 1092 633 coelum

200 646 269 682 hoc,
282 647 313 676 in
330 657 391 686 quo
406 647 512 682 nubes,
530 646 652 683 imbres,
669 646 811 686 ventique
823 652 992 686 coguntur3
1009 646 1092 686 quod

202 695 232 719 et
243 689 406 719 humidum
422 695 451 719 et
466 689 664 729 caliginosum
680 694 734 725 est,
751 695 872 729 propter
888 688 1093 719 exhalationes

203 737 298 762 terrae.
332 731 437 769 Quam
458 732 611 771 regionem
632 742 702 762 cum
723 732 874 772 superavit
892 731 1023 768 animus,
1040 741 1094 761 na-

203 780 365 815 turamque
390 775 436 805 sui
460 774 589 805 similem
611 774 745 815 contigit,
768 780 797 805 et
816 774 959 814 agnovit3
981 775 1094 813 junctis

203 828 240 848 ex
253 818 356 848 anima
368 817 462 854 tenui,
477 823 506 847 et
521 828 558 847 ex
574 817 678 848 ardore
694 817 762 847 solis
778 823 954 857 temperato,
972 817 1094 856 ignibus

202 861 323 897 insistit,
341 866 370 890 et
384 861 476 890 finem
492 860 581 890 altius
597 871 627 890 se
643 860 784 891 efferendi
798 860 878 890 facit.
914 860 995 890 Cum
1012 860 1094 890 enim

203 904 250 934 sui
262 904 391 934 similem
405 909 434 933 et
448 903 601 933 levitatem
617 909 646 933 et
658 904 786 933 calorem
798 903 925 944 adeptus
937 908 991 939 est,
1015 908 1095 933 tam-

203 957 296 987 quam
309 946 432 987 paribus
444 946 634 976 examinatus
645 946 839 986 ponderibus,
853 947 970 976 nullam
982 945 1013 974 in
1025 956 1096 985 par-

202 995 265 1020 tem
281 995 441 1024 movetur;
465 1000 560 1030 eaque
576 989 603 1019 ei
623 989 748 1019 demum
769 989 914 1018 naturalis
935 994 978 1019 est
999 988 1094 1025 sedes,

203 1043 275 1062 cum
301 1032 339 1062 ad
365 1032 411 1062 sui
438 1032 568 1062 similem
594 1032 772 1072 penetravit,
799 1032 831 1061 in
854 1042 926 1072 quo,
950 1031 1037 1061 nulla
1062 1042 1095 1062 re

203 1085 303 1115 egens,
328 1076 424 1105 aletur
445 1081 474 1105 et
494 1075 710 1105 sustentabitur
729 1073 837 1104 iisdem
858 1076 959 1113 rebus,
983 1075 1096 1115 quibus

203 1124 283 1148 astra
298 1123 504 1148 sustentantur
519 1123 548 1147 et
563 1118 695 1148 aluntur.

247 1160 389 1201 Cumque
405 1160 534 1200 corporis
549 1160 664 1191 facibus
685 1160 868 1190 inflammari
888 1161 1036 1190 soleamus
1057 1159 1096 1190 ad

203 1213 308 1234 omnes
332 1204 393 1234 fere
414 1203 602 1244 cupiditates,
629 1214 723 1244 eoque
743 1204 840 1244 magis
859 1203 990 1240 incendi,
1013 1202 1095 1243 quod

204 1246 240 1276 iis
256 1247 446 1283 aemulemur,
469 1247 522 1287 qui
543 1257 578 1276 ea
598 1246 728 1276 habeant
749 1257 818 1287 quae
838 1257 892 1276 nos
911 1246 1022 1276 habere
1042 1256 1096 1276 cu-

202 1289 343 1329 piamus;
368 1290 502 1330 profecto
522 1289 601 1319 beati
622 1289 744 1325 erimus,
761 1299 843 1326 cum,
860 1289 1034 1330 corporibus
1049 1299 1096 1319 re-

203 1332 292 1369 lictis,
316 1339 345 1362 et
369 1332 571 1372 cupiditatum
598 1338 627 1363 et
652 1333 881 1362 aemulationum
905 1333 1017 1362 erimus
1042 1342 1096 1362 ex-

204 1382 310 1415 pertes.
346 1375 501 1416 Quodque
526 1385 607 1405 nunc
633 1375 772 1413 facimus,
800 1386 870 1405 cum
896 1375 990 1405 laxati
1016 1375 1095 1405 curis

205 1429 321 1454 sumuS,
335 1423 370 1448 ut
381 1424 512 1459 spectare
527 1418 644 1459 aliquid
658 1418 786 1449 velimus
798 1424 828 1448 et
839 1418 943 1455 visere,
955 1418 986 1447 id
998 1418 1096 1447 multo

205 1466 273 1490 tum
288 1461 433 1491 faciemus
454 1461 597 1497 liberius3
622 1467 759 1502 totosque
774 1471 827 1491 nos
842 1461 874 1490 in
889 1460 1097 1500 contemplan-

206 1503 252 1533 dis
267 1505 357 1534 rebus
372 1504 646 1545 perspiciendisque
661 1514 820 1544 ponemus,
838 1509 994 1544 propterea
1014 1502 1098 1543 quod

206 1552 237 1576 et
251 1546 360 1577 natura
375 1547 452 1577 inest
468 1547 620 1577 mentibus
637 1547 744 1577 nostris
759 1547 935 1577 insatiabilis
956 1545 1097 1586 quaedam

207 1589 356 1629 cupiditas
372 1590 433 1620 veri
449 1589 590 1625 videndi;
616 1596 645 1620 et
660 1600 719 1621 orae
730 1590 803 1630 ipsae
814 1590 949 1620 locorum
961 1589 1097 1626 illorum,

208 1642 269 1672 quo
284 1633 519 1672 pervenerimus,
537 1643 598 1673 quo
613 1632 779 1663 faciliorem
794 1633 880 1663 nobis
896 1632 1099 1672 cognitionem

207 1685 309 1705 rerum
326 1676 501 1711 coelestium,
518 1686 553 1706 eo
573 1676 720 1714 majorem
739 1675 936 1715 cognoscendi
951 1674 1100 1715 cupidita-

209 1723 283 1753 tem,
300 1717 426 1748 dabunt.
460 1718 537 1748 Haec
552 1718 633 1748 enim
649 1718 844 1759 pulchritudo
862 1718 954 1748 etiam
968 1717 1000 1747 in
1016 1716 1101 1747 terris

209 1760 339 1801 patriam
354 1761 439 1792 illam
455 1766 485 1792 et
499 1761 612 1793 avitam
629 1763 677 1797 (ut
692 1761 734 1792 ait
745 1761 989 1803 Theophrastus)
1004 1760 1103 1802 philo.-
