1226 1935
220 62 262 93 60
350 61 411 93 DE
434 61 632 101 FINIBUS,
650 60 729 92 Lm.
747 60 807 92 IV.
828 60 911 92 CAP.
928 61 980 97 27.

222 158 282 188 que
294 148 548 179 contemnendum
564 158 598 178 ac
613 146 850 188 despiciendum,
863 157 918 177 nec
928 157 1112 188 magnopere

223 191 437 232 expetendum.
476 191 674 231 Omninoque
689 191 726 220 de
741 190 882 220 omnibus
902 190 966 220 istis
981 191 1078 220 verbis
1092 201 1111 220 a.

224 234 346 264 Zenone
361 234 497 270 mutatis,
522 234 564 264 ita
582 234 773 274 disputabam
799 239 827 263 et
843 244 911 273 quae
926 234 1005 262 bona
1020 243 1111 273 nega-

223 283 326 307 rentur
347 288 409 307 esse
429 279 466 307 ab
487 287 533 313 eo,
555 282 583 306 et
604 287 673 317 quae
693 276 785 313 mala,
811 276 864 305 illa
879 276 1042 305 laetioribus
1058 286 1112 306 no-

223 320 357 350 minibus
373 321 411 350 ab
427 331 461 351 eo
476 320 633 360 appellari,
659 330 752 360 quam
768 330 786 349 a
801 319 898 357 nobis,
923 318 987 349 haec
1002 319 1113 349 tristio-

224 363 316 393 ribus.

266 406 414 436 XXVII.
449 406 520 436 Piso
535 405 627 445 igitur
641 405 698 436 hoc
713 404 815 442 modo,
833 405 877 435 vir
892 404 1037 445 optimus,
1053 404 1114 434 tui-

224 459 284 490 que
299 452 347 483 (ut
363 449 431 485 5615)
444 449 677 478 amantissimus.
714 448 791 484 Nos,
808 448 911 488 paucis
927 448 965 477 ad
980 448 1044 478 11166
1059 448 1113 477 ad-

223 492 305 528 ditis,
319 492 410 522 finem
423 492 569 521 faciamus
581 491 764 531 aliquando:
789 491 916 530 longum
928 496 972 520 est
984 491 1064 520 enim
1075 491 1114 521 ad

223 535 327 565 onmia
351 535 539 575 respondere,
567 545 636 574 quae
660 544 678 563 a
701 539 730 563 te
750 533 830 562 dicta
847 539 927 563 sunt.
957 533 1053 571 Nam,
1076 544 1114 564 ex

223 578 330 608 iisdem
347 579 507 608 verborum
523 576 691 617 praestigiis,
705 582 734 605 et
749 586 842 615 regna
853 582 924 605 nata
936 576 1019 606 vobis
1031 582 1113 624 sunt,

225 627 254 651 et
269 620 407 661 imperia,
424 626 453 650 et
475 620 599 656 divitiae,
622 625 652 648 et
673 624 765 648 tantae
785 618 921 658 quidem,
944 624 978 648 ut
1000 619 1113 657 onmia,

226 675 296 705 quae
311 663 424 703 ubique
440 663 510 700 51111,
528 661 669 702 sapientis
686 672 748 691 esse
763 661 876 691 dicatis.
910 661 1017 691 Solum
1036 673 1114 702 prae-

225 713 306 737 terea
321 706 499 741 formosum,
517 706 616 735 solum
630 704 773 741 liberum,
787 704 886 734 solum
898 704 1016 734 civem·
1041 705 1116 735 stul-

226 755 328 780 torum
343 748 447 779 onmia
461 748 620 783 contraria,
638 758 713 788 quos
729 747 820 777 etiam
837 747 957 777 insanos
973 758 1034 777 esse
1050 748 1118 778 vul-

228 793 276 822 tis.
313 792 390 822 llaec
415 790 560 830 παραδοξα
586 790 725 828 1111,1105
754 790 946 820 admirabilia
971 790 1117 821 (1163111115.

229 835 315 873 Quid
331 841 434 865 autem
446 834 559 864 habent
574 813 792 871 adniirationis,
804 843 874 862 cum
887 843 980 873 prope
991 844 1119 864 accesse-

230 879 295 909 ris?
320 878 483 908 Conferam
500 883 612 913 tecum,
629 886 723 917 quam
738 876 848 916 cuique
863 877 954 906 verbo
968 887 1032 906 rem
1049 879 1120 907 sub-

227 922 334 961 jicias:
359 921 446 950 nulla
461 920 516 949 erit
531 919 740 950 controversia.
769 918 885 949 Omnia
900 925 1021 959 peccata
1037 920 1122 960 paria

231 964 339 995 dicitis.
364 964 437 994 Non
454 973 508 1003 ego
520 968 621 992 tecum
635 963 699 1001 jam
716 962 758 992 ita
772 962 890 1002 loquar,
904 968 938 991 ut
952 962 1058 992 iisdem
1074 963 1122 993 his

231 1008 268 1038 de
284 1008 384 1044 rebus,
402 1016 471 1036 cum
490 1006 526 1035 L.
545 1006 734 1041 Muraenam,
751 1010 780 1034 te
795 1011 963 1042 accusante,
981 1005 1123 1036 defende-

231 1061 306 1081 rem.
338 1049 436 1090 Apud
457 1048 612 1089 imperitos
636 1054 703 1078 tum
723 1047 777 1077 illa
797 1048 877 1078 dicta
892 1054 981 1078 sunt:
1006 1049 1122 1089 aliquid

231 1094 323 1124 etiam
346 1102 463 1122 coronae
475 1092 603 1121 datum:
628 1101 709 1121 1111116
730 1091 883 1131 agendum
905 1096 948 1121 est
972 1092 1123 1122 subtilius.

234 1137 361 1166 Peccata
385 1135 479 1176 paria,
505 1144 639 1174 quonam
665 1134 756 1163 modo
771 1136 784 1164 Ρ
818 1133 901 1171 Quia
922 1144 976 1164 nec
999 1134 1125 1165 honesto

232 1179 403 1220 quidquam
415 1177 580 1213 honestius,
594 1187 648 1207 nec
660 1177 742 1217 turpi
754 1177 882 1217 turpius.
908 1177 1004 1217 Perge
1014 1188 1122 1217 porro:

232 1233 304 1252 nam
315 1222 351 1251 de
360 1221 417 1251 isto
432 1230 545 1260 magna
560 1220 703 1250 dissensio
720 1226 772 1249 est.
791 1220 850 1249 Illa
866 1226 1045 1259 argumenta
1056 1231 1126 1269 pro.

233 1265 301 1306 11113
316 1264 483 1301 videamus,
501 1273 553 1293 cur
568 1263 671 1293 onmia
683 1268 805 1303 peccata
820 1263 879 1292 sint
894 1263 987 1303 paria.
1011 1263 1041 1293 U
1044 1269 1067 1299 t
1080 1264 1127 1293 in-

233 1309 311 1350 quit,
328 1307 358 1337 in
372 1307 483 1336 fidibus
498 1306 649 1346 plurimis,
666 1306 690 1335 si
705 1306 792 1335 nulla
807 1316 911 1335 63111111
927 1306 969 1336 113
985 1312 1125 1337 contenta

234 1350 368 1382 numeris
396 1350 444 1387 sit,
472 1355 507 1379 ut
533 1354 714 1379 concentum
744 1359 860 1379 servare
885 1349 989 1389 possit,
1021 1359 1126 1381 omnes

236 1404 322 1435 aeque
337 1393 517 1423 incontentae
533 1398 623 1427 sunu
647 1391 688 1421 sic
708 1397 839 1432 peccata,
856 1391 929 1432 quia
944 1392 1125 1433 discrepant,

237 1447 323 1478 aeque
346 1436 535 1475 discrepant·
560 1435 644 1483 paria
667 1441 737 1465 sunt
760 1435 862 1475 igitur.
895 1435 959 1465 H1c
983 1435 1129 1475 ambiguo

238 1480 383 1510 ludimur.
430 1479 533 1519 AEque
549 1478 630 1507 enim
642 1478 788 1517 contingit
800 1477 941 1507 omnibus
957 1477 1078 1515 fidibus,
1092 1485 1128 1509 ut

237 1523 418 1553 incontentae
434 1521 512 1551 51111;
536 1521 614 1550 illud
629 1531 689 1550 non
706 1521 859 1556 continuo,
876 1527 911 1550 ut
926 1531 1012 1561 aeque
1026 1521 1130 1552 incon-

239 1572 339 1596 tentae.
378 1564 508 1594 Collatio
523 1564 615 1603 igitur
630 1564 687 1594 ista
702 1570 730 1593 te
746 1564 821 1593 nihil
834 1564 940 1602 juvat:
965 1574 1020 1594 nec
1035 1564 1128 1602 6111111,

238 1619 342 1639 01111165
358 1607 496 1637 avaritias
509 1607 533 1636 si
549 1617 634 1647 aeque
649 1607 788 1636 avaritias
804 1617 866 1636 esse
881 1607 1060 1646 dixerimus,
1084 1618 1130 1639 se-

240 1652 344 1692 quitur
360 1650 450 1680 etiam
466 1656 500 1679 ut
516 1660 618 1690 aequas
630 1660 692 1680 esse
706 1649 851 1680 dicamus.

284 1694 363 1724 Ecce
378 1693 462 1723 aliud
478 1693 575 1723 simile
591 1692 745 1723 dissimile.
778 1693 823 1723 Ut
837 1693 931 1729 enim,
948 1692 1059 1733 inquit,
1073 1703 1129 1733 gu-

240 1739 381 1768 bernator
391 1746 477 1776 aeque
486 1741 598 1777 peccat,
614 1736 637 1767 si
648 1736 803 1777 palearum
816 1745 925 1767 navem
937 1736 1053 1776 evertit,
1064 1742 1093 1767 et
1108 1736 1133 1767 si
