1226 1935
219 93 342 125 TUSC.
359 92 532 132 QUAEST.
557 93 636 124 Lm.
654 93 694 124 V.
719 93 803 125 Cn».
821 94 872 124 34.
927 94 990 123 285

103 178 304 220 praeterfluere
327 180 442 210 sinere:
470 180 513 210 ita
532 186 692 221 perpetuas
713 186 742 210 et
763 185 919 210 contextas
939 189 992 210 vo-

103 222 234 263 luptates
257 223 288 252 in
313 223 446 264 sapiente
469 223 532 253 fore
556 233 685 263 semper,
718 232 789 253 cum
808 222 990 263 exspectatio

104 271 292 306 speratarum
308 266 511 306 voluptatum,
528 272 737 307 perceptarum
750 266 906 295 memoriae
917 267 991 304 jun-

103 313 232 348 geretur.
259 309 367 350 Atque
381 309 417 339 iis
433 309 544 339 similia
558 309 597 339 ad
618 309 731 339 victum
752 309 843 339 etiam
865 308 991 338 transfe-

103 356 235 388 runtur;
268 358 531 393 extenuanturque
560 351 785 392 magnificentia
815 357 843 381 et
873 357 992 381 sumtus

103 394 275 434 epularum,
292 394 375 436 quod
390 405 483 436 parvo
498 395 582 425 cultu
599 401 708 425 natura
723 399 864 425 contenta
878 394 925 424 sit.

144 437 306 468 XXXIV.
329 437 456 468 Etenim
478 438 546 479 quis
567 438 624 468 hoc
644 447 704 467 non
724 437 817 474 videt,
839 437 992 467 desideriis

100 479 158 510 ista
182 480 296 510 condiri
316 481 446 512 omnia?
479 481 604 517 Darius,
625 481 657 510 in
678 481 764 521 fugai,
786 490 856 510 curn
878 490 991 521 aquam

101 523 254 554 turbidam
270 530 300 554 et
314 524 509 554 cadaveribus
520 524 711 565 inquinatam
723 524 858 561 bibisset,
870 523 992 563 negavit

101 576 240 607 unquam
261 577 291 597 se
315 567 425 597 bibisse
445 567 620 606 jucundius.
660 567 832 607 Nunquam
853 565 992 596 videlicet

101 609 204 639 sitiens
219 610 344 640 biberat.
370 610 401 640 N
405 620 437 640 ec
452 610 584 640 esuriens
601 610 785 640 Ptolemaeus
800 609 921 645 ederat;
941 608 991 639 cui

100 662 172 682 cum
182 653 354 693 peragranti
367 653 552 694 [Egyptulm
565 653 727 684 comitibus
739 662 799 682 non
812 652 990 689 consecutis,

100 695 231 726 cibarius
255 696 287 726 in
311 696 380 726 casa
403 697 489 737 panis
509 696 599 726 datus
619 702 705 733 esset,
728 695 805 725 nihil
828 695 927 725 visum
947 701 991 725 est

100 737 154 768 illo
169 748 247 779 pane
259 739 435 778 jucundius.
459 740 615 770 Socratem
630 739 742 776 ferunt,
759 749 829 769 cum
843 749 940 779 usque
951 738 991 768 ad

98 791 259 822 vesperum
280 782 449 814 contentius
468 783 650 818 ambularet,
669 782 894 823 quaesitumque
915 787 991 812 esset

100 834 138 854 ex
154 835 199 862 eo,
217 835 311 866 quare
329 825 361 855 id
376 825 496 863 faceret,
517 825 715 866 respondisse,
739 836 780 862 se,
803 835 864 865 quo
879 825 989 855 melius

98 874 238 906 coenaret,
260 879 406 909 opsonare
426 869 612 899 ambulando
635 868 758 898 famem.
791 867 904 905 Quid?
927 868 989 898 vic-

98 916 166 941 tum
183 911 485 942 Lacedaemoniorum
500 912 532 942 in
546 911 683 953 phiditiis
703 920 804 941 nonne
822 910 961 941 videmus
973 913 987 941 ?

97 953 152 984 ubi
167 964 237 984 cum
253 960 399 995 tyrannus
417 955 591 986 coenavisset
611 953 790 995 Dionysius,
814 953 936 993 negavit
957 964 989 984 se

94 997 163 1036 jure
183 997 236 1028 illo
256 998 354 1038 nigro,
376 998 459 1038 quod
479 1008 570 1028 coenae
591 1003 682 1038 caput
702 1003 776 1034 erat,
793 996 986 1027 delectatum.

96 1039 183 1070 Tum
200 1040 237 1079 is,
257 1041 311 1082 qui
330 1041 384 1071 illa
404 1047 545 1077 coxerat3
571 1042 593 1058 “
607 1040 740 1071 Minime
755 1039 891 1075 mirum;
916 1050 988 1070 con-

95 1082 232 1113 dimenta
246 1083 326 1114 enim
339 1083 534 1124 defuerunt?
558 1086 580 1102 ‘⁴
591 1083 672 1122 Quae
692 1083 816 1114 tandem
828 1083 864 1114 ,Ψ
888 1083 990 1124 inquit

95 1125 156 1156 ille.
188 1128 210 1144 “
227 1126 330 1158 Labor
352 1126 383 1156 in
407 1134 529 1165 venatu,
552 1127 654 1164 sudor,
677 1137 780 1157 cursus
802 1127 840 1156 ab
856 1126 987 1164 Eurota,

95 1168 202 1207 fames,
215 1170 294 1200 sitis:
315 1170 362 1200 his
374 1171 455 1201 enim
467 1172 556 1201 rebus
569 1169 872 1201 Lacedaemoniorum
889 1169 987 1211 epulae

94 1212 311 1243 condiuntur.”
341 1213 448 1254 Atque
462 1213 519 1244 hoc
535 1224 596 1244 non
611 1224 648 1243 ex
663 1212 826 1243 hominum
841 1223 926 1243 more
941 1223 988 1243 so-

94 1255 174 1293 lum,
196 1255 248 1286 sed
270 1256 361 1286 etiam
382 1266 420 1286 ex
434 1256 548 1295 bestiis,
570 1256 699 1296 intelligi
720 1261 829 1296 potest,
849 1266 930 1297 quae,
953 1261 988 1286 ut

95 1298 247 1340 quidquid
262 1300 415 1338 objectum
431 1305 485 1337 est,
503 1299 585 1340 quod
604 1299 696 1329 modo
715 1309 733 1329 a
747 1299 857 1329 natura
872 1308 932 1329 non
949 1299 988 1329 sit

95 1341 242 1379 alienum,
259 1352 294 1372 eo
309 1348 468 1380 contentae,
485 1353 546 1372 non
566 1347 708 1383 quaerunt
729 1341 870 1382 amplius.
904 1342 987 1372 Civi-

96 1389 172 1415 tates
187 1385 329 1425 quaedam
341 1385 500 1423 universae,
516 1395 600 1415 more
612 1385 718 1421 doctae,
735 1385 923 1426 parcimonia
935 1385 988 1415 de-

96 1427 257 1467 lectantur,
279 1434 314 1458 ut
335 1428 373 1458 de
394 1428 632 1459 Lacedaemoniis
648 1428 740 1469 paulo
756 1434 825 1458 ante
840 1427 985 1458 diximus.

97 1470 260 1501 Persarum
276 1482 294 1501 a
310 1471 515 1511 Xenophonte
531 1472 627 1502 victus
643 1470 824 1512 exponitur;
847 1481 922 1511 quos
934 1481 986 1501 ne-

96 1519 150 1554 gat
173 1514 211 1543 ad
234 1524 346 1554 panem
370 1514 513 1545 adhibere
533 1514 714 1555 quidquam,
738 1520 853 1555 praeter'
867 1520 987 1544 nastur-

97 1556 185 1586 tium.
210 1555 422 1599 Quamquam,
436 1558 460 1588 si
472 1558 613 1598 quaedam
626 1557 716 1587 etiam
729 1557 866 1587 suaviora
878 1563 988 1587 natura

96 1599 255 1637 desideret,
267 1611 360 1640 quam
372 1601 472 1630 multa
483 1611 521 1631 ex
533 1600 612 1631 terra
624 1600 842 1640 arboribusque
854 1600 987 1640 gignun-

98 1648 159 1679 tur,
187 1652 259 1673 cum
294 1643 381 1684 copia¹
406 1643 499 1681 facili,
529 1650 597 1674 tum
623 1643 770 1674 suavitate
804 1643 982 1683 praestanti!

96 1684 190 1716 Adde
205 1685 379 1723 siccitatem,
392 1697 461 1727 quae
475 1686 669 1728 consequitur
680 1686 759 1716 hanc
770 1685 987 1716 continentiam

97 1728 130 1758 in
147 1728 248 1759 victu:
273 1729 350 1759 adde
364 1729 569 1770 integritatem
584 1728 775 1760 valetudinis.
809 1728 921 1759 Confer
939 1740 990 1759 su-

96 1770 215 1810 dantes,
236 1778 398 1811 ructanteS,
420 1772 544 1804 refertos
564 1772 674 1814 epulis,
697 1777 856 1813 tamquam
874 1772 992 1812 opimos
