1226 1935
196 92 262 121 308
307 89 368 121 DE
393 89 502 119 NAT.
527 88 665 120 DEOR.
692 88 770 119 Lm.
789 88 816 119 Ι.
843 88 926 120 ΟΑΡ.
944 90 992 120 15.

196 186 291 217 quam
307 176 338 206 in
355 175 493 216 vestigio,
509 175 652 206 volumus
667 185 822 216 reponere,
838 185 991 217 nusquam
1007 187 1094 218 pror-

199 231 250 250 sus
267 225 422 260 appareat.

241 262 316 293 XV.
340 266 387 292 At
409 262 557 299 Persaeus,
582 261 718 301 ejusdem
739 262 871 292 Zenonis
891 262 1022 301 auditor,
1044 274 1094 294 eos

197 306 270 336 dicit
285 316 347 335 esse
367 305 486 335 habitos
506 305 599 342 Deos,
616 316 634 335 a
655 305 766 346 quibus
787 315 899 345 magna
920 306 1034 336 utilitas
1055 307 1094 336 ad

197 349 268 378 vitae
284 349 401 378 cultum
417 354 492 378 esset
507 349 650 383 inventa3
675 348 815 388 ipsasque
836 358 882 377 res
898 348 987 378 utiles
1003 355 1031 379 et
1048 360 1094 379 sa-

197 392 311 422 lutares
335 392 473 422 Deorum
500 402 562 421 esse
586 391 739 421 vocabulis
764 397 973 431 nuncupatas:
998 399 1032 422 ut
1056 403 1094 422 ne

198 435 255 465 hoc
277 435 401 476 quidem
423 435 544 471 diceret,
566 434 620 463 illa
640 434 763 463 inventa
784 444 846 464 esse
868 434 1017 471 Deorum,
1042 435 1094 465 sed

199 478 267 518 ipsa
283 478 394 508 divina.
428 478 500 515 Quo
517 477 591 517 quid
607 477 777 513 absurdius,
795 488 888 517 quam
904 484 957 507 aut
972 488 1016 508 res
1033 489 1095 508 sor--

197 521 284 551 didas
307 526 398 561 atque
421 520 570 550 deformes
591 520 730 549 Deorum
753 519 867 549 honore
889 520 1015 557 afficere,
1039 527 1092 551 aut

197 564 336 594 homines
353 565 417 603 jam
439 569 536 593 morte
551 562 663 592 deletos
684 572 827 603 reponere
847 563 879 592 in
900 563 994 602 Deos,
1017 575 1093 605 quo-

199 617 267 637 rum
285 607 384 637 omnis
399 607 498 637 cultus
515 612 589 636 esset
604 606 726 635 futurus
742 605 773 634 in
789 606 873 635 luctu
887 607 900 635 Ρ

242 650 265 680 J
268 660 318 680 am
334 660 404 680 vero
420 649 621 690 Chrysippus,
639 648 693 689 qui
714 649 886 679 Stoicorum
906 649 1093 680 somniorum

199 693 380 723 vaferrimus
402 692 531 722 habetur
550 692 709 732 interpreS,
726 702 871 732 magnam
887 694 1008 722 turbam
1023 703 1094 723 con-

200 742 307 777 goegat
327 736 502 776 ignotorum
517 735 667 772 Deorum,
685 740 776 775 atque
796 735 838 764 ita
853 735 1038 775 ignotorum,
1060 742 1096 766 ut

200 790 249 810 eos
265 789 303 809 ne
325 779 498 818 conjectura
521 778 647 819 quidem
668 778 832 808 informare
847 778 1007 818 possimus,
1025 789 1096 810 culn

199 832 286 852 mens
310 828 412 852 nostra
436 821 557 862 quidvis
577 821 714 851 videatur
735 821 914 861 cogitatione
935 832 1020 862 posse
1043 822 1096 853 de-

200 866 334 906 pingere.
367 865 425 894 Ait
440 865 534 901 enim,
552 865 615 895 vim
631 864 766 894 divinam
781 865 813 894 in
835 865 949 895 ratione
965 876 1026 895 esse
1041 877 1096 906 po-

201 909 303 946 sitam,
321 914 350 938 et
365 908 512 938 universae
532 914 649 937 naturae
669 907 772 938 animo
792 913 883 948 atque
903 914 1024 938 mente:
1050 909 1096 949 ip-

201 962 332 992 sumque
356 951 510 981 mundum
536 951 642 981 Deum
668 951 741 980 dicit
765 961 837 987 esse,
864 956 892 980 et
914 952 978 990 ejus
1001 952 1097 982 animi

201 994 353 1025 fusionem
374 994 568 1030 universam;
593 1000 660 1024 tum
676 995 741 1033 ejus
761 994 855 1034 ipsius
878 994 1096 1035 principatum,

202 1039 257 1078 qui
272 1038 304 1067 in
319 1043 421 1067 mente
436 1044 465 1068 et
480 1037 595 1067 ratione
611 1043 754 1074 versetur,
776 1047 1032 1078 communemque
1052 1048 1098 1069 re-

202 1091 273 1111 rum
285 1087 426 1110 naturam
438 1080 642 1121 [universam]
655 1087 746 1121 atque
758 1080 861 1110 onmia
873 1081 1095 1116 continenteni;

203 1130 270 1154 tum
283 1124 407 1154 fatalem
423 1124 497 1162 vim,
516 1130 544 1153 et
560 1124 765 1154 necessitatem
781 1133 883 1153 rerum
898 1123 1072 1154 futurarum
1086 1135 1096 1160 ;

202 1167 305 1207 ignem
321 1173 476 1208 praeterea,
494 1172 523 1196 et
538 1177 621 1204 eum,
639 1177 733 1207 quem
753 1172 842 1196 antea
864 1166 939 1204 dixi,
963 1167 1095 1204 aethera3

203 1216 270 1240 tum
286 1221 331 1247 ea,
348 1221 417 1251 quae
432 1210 543 1240 natura
560 1210 689 1240 fluerent
710 1215 802 1250 atque
822 1215 992 1248 manarent,
1014 1216 1048 1240 ut
1069 1216 1099 1241 et

202 1264 327 1294 aquam,
347 1259 376 1283 et
400 1259 523 1291 terram,
547 1259 576 1283 et
600 1253 692 1289 aera3
717 1253 822 1290 solem,
850 1253 968 1291 lunam,
991 1253 1099 1291 sidera,

201 1297 490 1337 universitatemque
511 1306 625 1332 rerum,
647 1295 710 1337 qua
731 1296 835 1325 omnia
855 1296 1099 1333 continerentur;

205 1346 298 1381 atque
313 1340 451 1370 homines
467 1339 557 1369 etiam
579 1350 639 1377 eos,
656 1339 711 1380 qui
727 1338 988 1369 immortalitatem
1004 1346 1102 1370 essent

203 1383 363 1413 consecuti.
390 1382 539 1423 Idemque
551 1382 696 1423 disputat,
711 1382 822 1412 aethera
837 1392 898 1412 esse
911 1392 993 1421 eum,
1006 1393 1099 1423 quem

203 1426 341 1456 homines
356 1426 467 1456 Jovem
490 1426 700 1466 appellarent3
725 1425 840 1466 quique
860 1425 911 1454 a‘er
926 1436 980 1465 per
1002 1427 1099 1457 maria

203 1474 353 1507 manaret,
370 1479 441 1499 eum
455 1479 517 1498 esse
531 1469 561 1498 N
566 1475 736 1509 eptunum;
761 1474 933 1509 terramque
946 1478 1012 1498 eam
1025 1480 1098 1507 esse,

203 1523 274 1552 quae
290 1512 381 1542 Ceres
403 1512 560 1542 diceretur.
594 1512 756 1552 Similique
777 1512 891 1541 ratione
910 1512 1101 1552 persequitur

203 1556 352 1586 vocabula
366 1555 553 1596 reliquorum
569 1555 718 1585 Deorum.
752 1555 901 1595 Idemque
917 1554 1008 1584 etiam
1024 1556 1101 1596 legis

204 1604 358 1639 perpetuae
374 1604 403 1628 et
418 1604 536 1628 aeternae
552 1598 627 1635 vim,
641 1609 710 1639 quae
725 1598 811 1639 quasi
827 1598 891 1628 dux
908 1597 977 1627 vitae
992 1603 1021 1628 et
1035 1608 1101 1628 ma-

203 1642 297 1682 gistra
312 1641 479 1671 officiorum
500 1641 550 1679 sit,
567 1642 679 1671 Jovem
700 1641 772 1671 dicit
794 1651 875 1676 esse;
900 1640 1100 1682 eamdemque

204 1685 329 1715 fatalem
356 1684 562 1715 necessitatem
583 1685 727 1725 appellat,
753 1684 967 1725 sempiternam
998 1695 1099 1715 rerum

204 1728 377 1758 futurarum
394 1728 550 1758 veritatem
563 1739 570 1757 :
596 1738 728 1768 quorum
745 1727 822 1758 nihil
834 1728 894 1757 tale
906 1734 960 1763 est,
972 1727 1048 1757 utin
1065 1738 1099 1758 eo

204 1771 248 1802 xis
264 1771 367 1802 divina
382 1771 478 1803 inesse
494 1771 642 1803 videatur.
665 1771 708 1802 Et
723 1771 787 1802 haec
809 1770 933 1812 quidem
952 1770 984 1800 in
999 1770 1099 1811 primo
