1226 1935
264 74 324 106 DE
349 74 547 112 FINIBUS,
565 74 643 105 Lm.
655 73 696 105 V.
713 73 797 104 Cim.
814 75 865 109 27.
968 73 1008 108 97

122 161 147 190 si
162 161 250 199 adsit,
272 162 366 192 vitam
382 161 489 192 efficiat
508 162 639 196 beatam,
661 160 796 190 concedis
817 160 907 190 etiam
926 158 1011 188 Peri-

122 204 267 244 pateticis.
291 205 371 242 Quae
387 205 468 234 enim
483 204 565 233 mala
580 203 624 233 1111
641 213 701 233 non
718 203 830 233 audent
846 202 1008 243 appellare,

122 257 227 287 aspera
242 254 357 285 autem,
371 253 400 277 et
415 246 618 283 incommoda,
636 252 664 276 et
680 245 851 285 rejicienda,
869 252 897 275 et
913 245 1012 275 aliena

122 296 238 320 naturae
262 301 324 320 esse
348 290 525 327 concedunt,
552 300 587 319 ea
612 299 666 319 nos
691 289 772 318 mala
794 289 934 325 dicimus,
958 287 1009 317 scd

123 333 244 372 exigua,
256 338 285 362 et
296 343 384 374 porro
400 333 536 362 minima.
562 332 677 369 Quare,
689 331 713 361 si
725 338 822 372 potest
834 342 895 361 esse
905 333 1011 361 beatus

123 375 148 405 is
172 376 224 416 qui
246 383 289 406 est
311 376 342 406 in
364 375 474 424 asperis
498 375 725 415 rejiciendisque
746 376 845 411 rebus,
869 380 966 415 potest
986 373 1011 402 is

122 428 244 459 quoque
260 429 332 455 esse,
349 419 403 459 qui
419 425 463 448 est
482 418 513 448 in
535 418 634 458 parvis
656 417 753 447 malis.
784 417 826 447 Et
843 428 908 457 ego,
929 417 1011 451 l’ism

121 461 260 501 inquam,
281 462 305 492 si
321 468 364 492 est
380 462 553 502 quisquam,
571 461 624 501 qui
645 466 731 490 acute
752 460 784 490 in
800 460 896 490 causis
912 459 1012 490 videre

122 504 226 540 soleat
243 515 312 546 quae
326 515 372 534 res
388 510 505 544 agatur,
523 504 547 534 is
563 514 593 534 es
613 503 745 544 profecto
766 509 809 533 tu.
843 505 947 541 Quare
968 510 1012 532 at-

123 547 222 585 tende,
240 558 291 588 qu
284 558 360 577 eso
386 558 457 577 nam
479 547 589 583 adhuc,
605 557 673 577 meo
695 546 816 576 fortasse
832 546 915 582 vitio,
938 545 1013 586 quid

124 600 179 630 ego
195 601 247 631 qu
239 601 341 627 zeram,
353 601 414 620 non
429 590 581 631 perspicis.
621 589 693 619 Istic
716 599 796 626 sum,
814 589 933 630 inquit·
925 612 933 624 ,
960 599 1012 618 ex-

122 640 294 674 spectoque,
313 633 387 674 quid
403 634 441 663 ad
457 633 499 669 id,
518 632 600 673 quod
616 642 762 673 quaeram,
780 632 969 673 respondeas.

166 676 314 707 XXVII.
340 675 552 717 Respondebo,
569 686 618 705 me
634 686 694 705 non
711 686 856 716 quaerere,
872 675 1012 716 inquam,

122 718 180 748 hoc
204 725 349 760 tempore,
375 719 449 760 quid
473 719 568 748 virtus
594 719 688 759 possit
711 718 837 754 efficere,
864 719 915 748 sed
940 718 1015 758 quid

123 768 292 792 constanter
308 762 435 799 dicatur,
453 762 527 802 quid
542 762 643 802 ipsum
660 772 678 791 a
699 772 729 791 se
745 761 908 791 dissentiat.
942 761 1014 798 Quo

122 804 226 844 igitur,
243 805 354 845 inquit,
368 805 459 835 modo
471 807 484 834 Ρ
508 805 602 842 Quia,
615 815 684 834 cum
695 815 713 833 a
724 805 856 841 Zenone,
874 805 1012 844 inquam,

122 847 180 877 hoc
194 848 365 888 magnifice,
380 854 537 888 tamquam
551 858 587 877 ex
600 847 732 884 oraculo,
747 847 856 885 editur,
871 850 892 864 ‘⁶
906 847 1014 877 Virtus

122 890 161 920 ad
176 892 262 921 beate
278 891 441 921 vivendum
463 901 493 921 se
513 891 579 930 ipsa
595 896 734 920 contenta
756 896 799 919 est
810 891 843 925 ;''
867 889 988 929 [Quare
999 891 1015 920 Ρ

123 933 259 975 inquit.]
287 934 481 975 Respondet:
509 936 530 950 ‘⁴
547 934 641 971 Quia,
667 933 725 963 nisi
747 933 829 973 quod
851 933 1014 963 honestum

123 982 178 1014 est,
195 977 316 1007 nullum
333 983 376 1007 est
392 977 475 1006 aliud
490 976 640 1007 bonum.'’
665 976 737 1006 Non
754 987 857 1017 quaero
870 977 946 1015 jam,
964 986 1015 1005 ve-

122 1030 232 1050 rumne
247 1020 303 1050 sit:
328 1020 406 1050 illud
420 1020 497 1059 dico,
515 1030 560 1059 ea,
577 1030 646 1060 quae
667 1019 757 1057 dicat,
779 1020 921 1060 praeclare
938 1019 1015 1048 inter

123 1073 154 1093 se
169 1063 324 1094 cohaerere.

167 1105 289 1137 Dixerit
303 1106 360 1137 hoc
380 1106 461 1136 idem
477 1106 640 1148 Epicurus,
661 1106 787 1146 Semper
806 1107 930 1136 beatum
952 1115 1014 1135 esse

123 1149 301 1190 sapientem,
336 1150 432 1191 (quod
462 1150 587 1190 quidem
617 1149 692 1179 solet
719 1149 844 1179 ebullire
872 1158 1014 1178 nonnun-

123 1198 231 1232 quam)
247 1203 339 1234 quem
356 1193 492 1234 quidem,
509 1203 580 1223 cum
602 1192 729 1222 summis
747 1192 901 1222 doloribus
923 1191 1015 1221 confi-

123 1235 230 1273 ciatur,
247 1237 289 1266 ait
304 1236 468 1273 dicturum,
486 1238 508 1253 <a
520 1236 626 1273 Quam
637 1245 727 1265 suave
740 1235 804 1265 est!
832 1245 925 1275 quam
938 1233 1015 1264 nihil

124 1289 218 1309 curo.
212 1279 243 1298 '⁷’
267 1289 326 1309 non
343 1289 478 1320 pugnem
500 1289 570 1309 cum
591 1279 727 1315 homine,
751 1289 803 1308 cur
824 1284 945 1308 tantum
960 1277 1016 1306 ha-

123 1323 192 1352 beat
207 1322 237 1351 in
259 1323 368 1352 natura
389 1322 482 1352 boni:
507 1322 585 1352 illud
605 1332 742 1362 urgeam,
765 1331 826 1351 non
848 1321 1017 1360 intelligere

122 1375 205 1402 eum,
219 1365 293 1406 quid
309 1365 365 1395 sibi
377 1365 539 1396 dicendum
556 1365 604 1401 sit,
618 1375 688 1395 cum
705 1364 839 1394 dolorem
857 1373 1015 1393 summum

123 1408 241 1438 malum
258 1419 319 1439 esse
334 1408 452 1438 dixerit.
486 1408 604 1438 Eadem
629 1418 711 1437 1111110
726 1417 795 1437 mea
810 1406 969 1437 adversum
987 1412 1017 1435 te

122 1451 218 1481 oratio
233 1457 285 1481 est.
320 1451 405 1482 Dicis
417 1451 521 1481 eadem
533 1451 637 1481 omnia
649 1456 678 1481 et
690 1452 770 1481 bona
785 1456 815 1480 et
829 1450 922 1485 mala,
947 1459 1017 1489 quae

123 1493 247 1534 quidem
263 1494 379 1532 dicunt,
399 1495 453 1535 qui
473 1504 633 1535 nunquam
655 1493 871 1534 philosophum
897 1493 1013 1533 pictum

124 1539 173 1570 (ut
196 1536 317 1575 dicitur)
340 1537 491 1575 viderunt,
509 1537 726 1574 valetudinem,
749 1536 837 1571 vires,
854 1542 1014 1569 staturam,

123 1579 265 1617 formam,
282 1580 486 1621 integritatem
502 1581 739 1620 unguiculorum
755 1579 906 1614 omnium,
916 1580 1014 1608 bona:

122 1622 357 1660 deformitatem,
373 1625 527 1661 morbum,
545 1623 744 1659 debilitatem,
761 1633 802 1652 111
795 1623 852 1652 ila.

166 1665 242 1695 Jam
267 1666 320 1696 ina
345 1673 468 1697 externa
491 1677 580 1708 parce
606 1673 640 1696 tu
665 1666 810 1707 quidem;
836 1664 887 1695 sed
915 1663 1012 1704 [h‘rc]

124 1718 195 1738 cum
217 1709 347 1750 corporis
367 1711 447 1740 bona
468 1710 539 1748 sint,
556 1720 661 1740 eorum
677 1708 864 1740 conficientia
884 1713 961 1737 certe
983 1707 1015 1736 111

125 1752 211 1782 bonis
231 1753 416 1789 numerabis,
436 1753 559 1793 amicos,
581 1753 702 1792 liberos,
718 1752 916 1793 propinquos,
939 1749 1016 1779 divi-

170 1796 310 1834 (Plze'los.
315 1802 333 1836 )
352 1805 436 1829 v.01,
452 1805 509 1826 111.
735 1805 757 1827 K

463 1913 1226 1935 r———d
