1226 1935
230 68 352 101 TUSC.
369 69 541 108 QUAEST.
560 70 638 101 Lm.
657 70 683 101 1.
702 70 786 102 cim.
807 71 859 101 38.
932 71 990 102 141

100 159 291 191 centaurum,
305 156 359 196 qui
374 166 534 196 nunquam
549 156 651 193 fuerit,
668 161 698 186 et
710 166 811 197 regem
824 156 995 196 Agamem-

102 206 224 234 nonem,
248 198 324 228 nihil
348 199 508 229 interesse:
532 209 588 229 nec
611 199 708 240 pluris
730 208 812 229 nunc
831 199 928 229 facere
945 199 994 229 Μ.

103 238 270 270 Camillum
296 241 353 272 hoc
377 241 464 272 civile
487 242 615 279 bellum,
638 251 732 282 quam
753 252 819 282 ego,
841 242 894 272 illo
914 242 994 279 vivo,

101 281 223 312 fecerim
239 284 374 314 Romam
390 290 521 325 captam.

144 324 208 355 Cur
228 326 320 366 igitur
340 333 369 357 et
385 327 533 358 Camillus
553 327 679 364 doleret,
702 327 727 357 si
748 327 823 364 haec,
849 333 917 368 post
934 333 992 357 tre-

100 374 201 398 centos
217 375 246 398 et
267 369 490 410 quinquaginta
505 370 566 400 fere
581 380 686 408 annos,
703 376 847 400 eventura
861 376 992 410 putaret,

100 415 129 440 et
144 420 199 450 ego
214 411 344 449 doleam,
362 413 397 449 si,
415 413 453 443 ad
468 412 571 443 decem
583 413 681 443 millia
692 423 854 449 annorum,
871 419 993 453 gentem

100 452 235 493 aliquam
251 456 326 484 urbe
341 456 443 485 nostra
463 456 629 496 potituram
649 461 756 496 putem
768 457 782 486 ἓ
810 455 894 493 Quia
909 461 994 486 tanta

100 496 206 528 caritas
222 497 327 536 patriae
342 503 396 535 est,
414 504 449 528 ut
464 508 542 537 eam,
565 508 625 528 non
646 508 735 528 sensu
750 503 862 536 nostro,
879 498 930 528 sed
946 508 993 528 sa-

101 537 165 571 lute
180 539 285 578 ipsius,
307 541 480 571 metiamur.

143 581 344 613 XXXVIII.
370 583 479 624 Itaque
497 593 558 614 non
573 583 701 614 deterret
715 583 882 624 sapientem
897 594 990 621 mors,

100 625 183 664 (quae
198 631 319 665 propter
339 626 465 656 incertos
480 636 564 656 casus
580 626 715 666 quotidie
730 626 881 665 imminet,
901 637 992 667 prop-

100 672 145 696 ter
166 667 342 698 brevitatem
364 669 433 699 vitae
457 679 616 709 nunquam
637 669 726 709 longe
746 675 844 709 potest
864 671 991 707 abesse),

97 710 275 749 quominus,
292 711 323 740 in
338 721 428 741 omne
444 718 575 752 tempus,
592 711 765 752 reipublicae
777 713 898 753 suisque
921 722 992 742 con-

98 752 188 789 sulat,
203 758 232 782 et
246 754 451 793 posteritatem
466 755 575 794 ipsam,
592 755 678 794 cujus
695 764 816 785 sensum
832 755 992 785 habiturus

95 804 158 824 non
183 795 231 832 sit,
258 796 296 825 ad
320 807 350 826 se
374 803 461 837 putet
481 797 637 837 pertinere.
670 797 775 834 Quare
795 798 875 835 licet,
898 797 990 828 etiam

95 838 256 868 mortalem
280 849 341 869 esse
368 840 505 870 animum
528 840 716 878 judicantem
740 847 852 870 aeterna
875 841 988 877 moliri,

97 889 159 910 non
180 881 284 920 gloriae
307 882 482 923 cupiditate,
509 893 602 923 quam
623 892 764 913 sensurus
784 893 845 913 non
866 883 916 919 sis,
939 884 991 914 sed

96 923 227 960 virtutis,
251 935 344 964 quam
366 925 530 955 necessario
550 925 657 966 gloria,
679 926 771 956 etiam
787 926 811 956 si
828 932 861 956 tu
877 926 908 956 id
928 936 989 957 non

96 976 179 1006 agas,
195 974 404 1008 consequatur.
431 968 552 998 Natura
567 979 636 998 vero
651 968 692 999 sic
708 979 738 999 se
753 969 855 1006 habet,
868 975 913 1006 ut,
927 980 989 1010 quo

95 1008 186 1040 modo
200 1009 323 1040 initium
338 1011 424 1041 uobis
439 1021 540 1041 rerum
558 1011 698 1041 omnium
720 1018 804 1042 ortus
824 1018 924 1042 noster
944 1012 991 1042 af-

95 1051 182 1090 ferat,
206 1053 247 1083 sic
270 1053 386 1083 exitum
411 1064 501 1084 mors.
535 1054 580 1084 Ut
603 1054 680 1084 nihil
704 1054 850 1094 pertinuit
873 1054 913 1087 ad.
935 1065 991 1085 nos

95 1100 164 1124 ante
180 1102 292 1133 ortum,
306 1096 347 1127 sic
362 1096 440 1126 nihil
451 1102 518 1137 post
529 1103 658 1126 mortem
673 1097 844 1137 pertinebit.
870 1097 910 1128 In
926 1108 989 1138 quo

97 1137 171 1177 quid
185 1145 283 1179 potest
299 1150 360 1169 esse
374 1139 458 1176 mali,
473 1150 543 1170 cum
558 1150 640 1170 mors
660 1149 715 1170 nec
735 1140 774 1170 ad
794 1140 876 1171 vivos
897 1141 990 1181 perti-

97 1186 168 1210 neat
183 1191 238 1212 nec
252 1182 291 1212 ad
306 1184 465 1213 mortuos?
489 1183 590 1212 Alteri
604 1182 682 1212 nulli
698 1188 779 1220 sunt,
801 1183 910 1214 alteros
928 1193 990 1214 non

98 1223 228 1264 attingit.
261 1225 366 1263 Quam
390 1225 444 1266 qui
463 1226 606 1256 leviorem
627 1225 753 1264 faciunt,
775 1226 874 1256 somni
894 1226 990 1257 simil-

95 1265 203 1296 limam
219 1268 324 1298 volunt
343 1279 423 1298 esse:
449 1268 535 1309 quasi
555 1279 625 1299 vero
645 1269 808 1309 quisquam
832 1269 875 1299 ita
894 1279 990 1300 nona-

95 1308 180 1348 ginta
200 1320 294 1340 annos
314 1311 385 1341 velit
406 1311 514 1350 vivere,
537 1317 583 1349 ut,
605 1321 675 1342 cum
703 1312 861 1352 sexaginta
890 1312 991 1343 confe-

96 1352 180 1390 cerit,
204 1353 335 1394 reliquos
358 1354 498 1385 dormiat.
538 1355 587 1385 Ne
602 1365 669 1384 sues
685 1354 808 1395 quidem
829 1355 861 1385 id
882 1355 988 1392 velint,

96 1404 157 1430 non
181 1396 272 1426 modo
292 1396 364 1437 ipse.
396 1397 573 1438 Endymion
595 1408 676 1435 vero,
699 1398 724 1428 si
743 1397 863 1428 fabulas
883 1398 988 1428 audire

96 1438 250 1475 volumus,
274 1439 372 1470 nescio
392 1440 526 1481 quando,
548 1440 580 1471 in
597 1440 709 1470 Latmo
724 1440 917 1479 obdormivit,
935 1441 988 1482 qui

96 1486 141 1510 est
155 1491 243 1512 mons
260 1482 365 1513 Cariae.
400 1483 560 1520 Nondum,
585 1484 702 1524 opinor,
724 1490 768 1514 est
789 1490 988 1525 experrectus.

99 1523 191 1558 ‚Num
203 1524 296 1565 igitur
307 1536 377 1555 eum
393 1536 496 1556 curare
510 1536 623 1564 censes,
640 1537 710 1556 cum
723 1527 815 1557 Luna
828 1528 955 1564 laboret,
972 1538 990 1557 a

96 1567 159 1606 qua
183 1568 354 1608 consopitus
377 1575 513 1609 putatur,
535 1575 570 1599 ut
590 1580 660 1600 eum
682 1569 882 1600 dormientem
903 1580 990 1599 oscu-

96 1609 234 1640 laretur?
273 1611 359 1649 Quid
375 1618 457 1641 curet
472 1618 585 1650 autem,
611 1613 665 1653 qui
680 1623 718 1642 ne
733 1613 822 1644 sentit
837 1612 962 1652 quidem
974 1614 988 1643 ?

99 1651 205 1682 Habes
220 1664 362 1684 somnum
382 1654 547 1695 imaginem
565 1655 682 1693 mortis,
704 1665 832 1695 eamque
855 1655 990 1695 quotidie

96 1695 207 1725 induis.
240 1696 283 1726 Et
297 1697 429 1735 dubim,
450 1698 524 1739 quin
540 1708 643 1733 sensus
658 1698 690 1728 in
705 1705 803 1728 morte
819 1698 921 1728 nullus
938 1698 987 1735 sit,

98 1747 169 1769 cnm
184 1738 215 1768 in
232 1740 298 1779 ejus
312 1739 473 1772 simulacro
489 1740 590 1773 videas
606 1751 668 1772 esse
682 1741 805 1771 nullum
822 1751 942 1771 sensum
957 1742 971 1771 Ξ*
