1226 1935
185 62 247 94 DE
271 63 380 94 NAT.
404 62 542 95 DEOR.
567 63 646 94 Lm.
665 62 692 93 I.
716 61 800 93 CAP.
818 62 869 92 43.
915 62 978 91 335

91 155 146 186 est,
162 155 271 190 praeter
281 156 413 187 caeteros,
426 149 557 180 Ennius.
580 149 634 179 Ab
647 148 822 179 Euhemero
835 155 936 178 autem
950 154 980 178 et

91 198 203 223 mortes
216 199 245 223 et
260 193 424 233 sepulturae
435 192 681 223 demonstrantur
693 191 841 222 Deorum.
866 191 983 221 Utrum

90 235 183 276 igitur
198 235 247 266 hic
261 235 400 266 confirm
390 246 453 266 isse
468 235 644 275 religionem
660 234 789 271 videtur,
806 243 844 264 an
860 233 982 274 penitus

91 284 185 308 totam
197 279 352 309 sustulisse
337 278 375 308 ?
398 278 519 309 Omitto
528 277 687 316 Eleusina,
698 283 833 308 sanctam
847 277 933 307 issam
949 282 979 306 et

90 328 264 362 augustam,

134 398 157 414 ‘⁶
167 391 234 428 'Ubi
248 397 409 428 initiantur
423 403 528 439 gentes
542 408 665 428 orarum
680 397 798 428 ultimae
810 397 844 427 :''

89 480 233 516 praetereo
247 475 501 514 Samothraciam,
518 485 625 516 eaque,

435 547 458 564 “
469 545 550 583 Quae
566 545 680 576 Lemni

135 588 295 619 Nocturno
310 589 395 619 aditu
411 589 529 619 occulta
544 589 686 619 coluntur

134 631 327 662 Silvestribus
343 632 474 673 saepibus
489 632 614 662 densa.”

89 706 213 745 Quibus
228 707 396 748 explicatis,
418 707 457 737 ad.
477 707 687 748 rationemque
707 706 863 745 revocatis,
879 716 982 738 rerum

88 750 186 790 magis
200 756 310 780 natura
325 751 524 791 cognoscitur,
541 761 636 791 quam
652 750 801 780 Deorum.

131 793 263 824 XLIII.
299 794 383 823 Mihi
419 793 543 834 quidem
577 793 668 824 etiam
698 793 904 831 Democritus,
934 793 982 824 vir

88 845 219 877 magnus
234 836 265 866 in
281 836 398 877 primis,
415 838 502 876 cujus
517 836 652 867 fontibus
670 836 823 877 Epicurus
844 837 982 867 hortulos

87 889 157 910 suos
182 880 329 920 irrigavit,
356 886 463 911 nutare
489 880 608 911 videtur
633 880 666 910 in
690 880 800 910 natura
830 879 980 910 Deorum.

87 922 173 953 Tum
186 923 267 953 enirn
283 930 382 954 censet
397 923 544 964 imagines
559 923 716 954 divinitate
730 922 871 964 praeditas
887 923 984 954 inesse

87 965 275 996 universitati
291 977 392 997 rerum
405 978 414 1003 3
439 972 505 997 tum
521 966 670 1007 principia
684 967 806 1004 mentis,
823 977 893 1007 quae
911 972 983 996 sunt

87 1008 120 1039 in
136 1009 240 1039 eodem
258 1009 408 1046 universo,
426 1010 509 1040 Deos
525 1020 586 1040 esse
604 1009 697 1045 dicit;
722 1014 790 1039 tum
811 1009 982 1040 animantes

89 1051 247 1092 imagines,
264 1064 334 1094 quae
349 1053 396 1083 vel
411 1053 550 1094 prodesse
565 1053 652 1083 nobis
668 1053 775 1090 solent,
792 1052 840 1083 vel
855 1062 980 1089 nocere3

89 1101 157 1125 tum
173 1095 309 1136 ingentes
329 1096 478 1137 quasdam
498 1096 658 1136 imagines,
675 1101 846 1137 tantasque,
863 1101 898 1126 ut
913 1096 982 1125 uni-

88 1148 209 1168 versum
233 1139 386 1169 mundum
410 1139 650 1180 complectantur
674 1139 867 1169 extrinsecus.
901 1138 982 1176 Quae

89 1181 214 1222 quidem
229 1183 332 1213 omnia
348 1189 419 1213 sunt
433 1182 532 1223 patria
547 1182 728 1220 Democriti,
750 1192 845 1223 quam
864 1181 982 1212 Demo-

89 1224 175 1262 crito,
200 1225 347 1266 digniora.
381 1226 460 1264 Quis
482 1226 563 1256 enim
585 1226 655 1266 istas
675 1225 824 1266 imagines
845 1235 982 1266 compre-

88 1267 219 1298 hendere
234 1269 337 1299 animo
353 1269 469 1310 potest?
491 1269 559 1310 quis
571 1269 735 1299 admirari?
754 1269 823 1310 quis
834 1275 888 1299 aut
897 1269 982 1299 cultu

87 1317 142 1341 aut
157 1311 300 1352 religione
315 1312 422 1353 dignas
434 1313 569 1352 judicare
579 1312 593 1341 ἱ)

131 1354 285 1395 Epicurus
300 1366 370 1386 vero
390 1366 428 1386 ex
448 1356 558 1386 animis
576 1355 738 1386 hominum
754 1355 886 1386 extraxit
901 1354 981 1384 radi-

88 1397 165 1428 citus
180 1398 369 1439 religionem,
386 1409 457 1429 cum
473 1399 541 1429 Diis
557 1399 780 1429 immortalibus
796 1404 826 1429 et
841 1408 930 1439 opem
952 1404 982 1428 et

87 1441 218 1481 gratiam
233 1442 364 1472 sustulit.
394 1443 475 1472 (jum
491 1442 573 1472 enim
589 1442 738 1483 optimam
754 1447 783 1471 et
798 1440 982 1482 praestantis-

89 1483 198 1514 simam
219 1491 361 1515 naturam
383 1485 443 1516 Dei
462 1485 541 1516 (licat
561 1496 634 1523 esse,
657 1491 748 1525 negat
768 1485 850 1514 idem
871 1495 933 1514 esse
948 1484 980 1513 in

88 1526 157 1557 Deo
172 1527 320 1567 gratiam:
346 1528 425 1558 tollit
446 1528 488 1565 id,
506 1528 588 1569 quod
604 1528 739 1559 maxime
759 1528 917 1568 proprium
938 1532 983 1557 est

88 1569 212 1610 optimae
232 1571 548 1612 praestantissimaeque
570 1578 696 1602 naturae.
730 1570 816 1608 Quid
835 1571 917 1601 enim
939 1576 983 1600 est

88 1613 210 1649 melius,
226 1620 280 1644 aut
294 1614 369 1655 quid
389 1615 592 1656 praestantius‚
608 1614 743 1645 bonitate
764 1623 793 1644 et
814 1613 983 1644 beneficen-

89 1656 152 1686 tia?
172 1657 235 1697 qua
249 1667 320 1688 cum
335 1668 433 1688 carere
449 1658 553 1689 Deum
566 1658 668 1694 vultis,
680 1657 834 1687 neminem
847 1656 915 1686 Deo
926 1665 983 1686 nec

90 1698 194 1729 Deum
210 1709 264 1731 nec
279 1700 434 1732 hominem
454 1711 571 1741 carum,
587 1701 743 1733 neminem
763 1701 802 1731 ab
818 1710 853 1732 co
873 1698 981 1738 amari,
