1226 1935
264 82 326 114 DE
349 83 547 122 FINIBUS,
565 84 645 115 Lm.
663 83 703 115 V.
727 83 812 115 Cn.
826 85 878 114 28.
959 84 1001 115 99

109 167 191 209 quod
206 168 366 200 honestum
383 169 441 201 sit:
458 170 684 201 concedendum
700 176 755 207 est,
772 170 803 200 in
816 169 928 200 virtute
938 169 1002 199 sola

108 211 238 252 positam
253 223 315 243 esse
329 214 448 244 beatam
465 214 568 244 vitam.
594 214 674 244 Vide
689 224 791 244 rursus
806 218 893 243 retro.
918 212 1001 243 Dato

107 253 175 291 hoc,
192 255 328 285 dandum
345 256 400 286 erit
415 257 512 286 illud:
538 257 620 298 qued
636 257 725 287 vestri
740 266 800 286 non
815 257 899 286 item.

151 297 226 328 Tria
249 309 359 339 genera
382 300 542 330 bonorum.
576 299 744 330 Proclivius
770 299 862 330 currit
885 297 999 328 oratio:

108 340 189 370 venit
213 341 252 370 ad
273 347 462 372 extremum:
488 343 580 373 haeret
601 343 632 373 in
655 342 790 372 salebra:
815 341 898 382 cupit
920 341 1002 370 enim

106 382 215 420 dicere,
241 384 329 414 Nihil
345 395 431 426 posse
445 385 483 415 ad
498 387 619 416 beatam
635 386 729 415 vitam
746 385 846 415 deesse
862 384 1000 424 sapienti.

108 425 245 456 Honesta
269 427 375 463 oratio,
402 429 563 465 Socratica,
591 429 726 459 Platonis
751 428 851 458 etiam.
890 426 1003 457 Audeo

106 468 215 507 dicere,
231 470 341 510 inquit.
367 471 439 501 Non
455 478 563 512 potest,
581 472 638 502 nisi
654 471 817 501 retexueris
832 471 894 500 illa.
920 470 1003 499 Pau-

107 518 207 551 pertas
222 512 247 542 si
261 513 379 543 malum
395 521 449 551 est,
466 514 622 544 mendicus
638 516 743 545 beatus
760 525 822 544 esse
837 523 928 544 nemo
948 523 1003 553 po-

109 560 177 591 test,
194 556 333 596 quamvis
348 556 386 587 sit
402 557 528 597 sapiens.
552 558 599 587 At
615 558 699 588 Zeno
714 567 784 587 Cum
801 566 861 587 non
878 557 1002 586 beatum

108 597 211 635 modo,
229 598 281 628 sed
297 599 387 629 etiam
403 600 538 637 divitem,
561 600 658 631 dicere
678 610 768 630 ausus
790 606 842 630 est.
878 598 1002 636 Dolere,

108 641 247 671 malum:
273 641 304 671 in
326 653 445 673 erucem
467 644 520 684 qui
541 643 653 683 agitur,
675 645 781 673 beatus
796 653 858 673 esse
873 652 933 672 non
949 651 1003 682 po-

108 688 176 713 test.
215 684 340 714 Bonum
356 685 464 721 libem
488 687 634 716 miserum
650 686 770 717 orbitas.
810 686 934 716 Bonum
950 695 1005 725 pa-

109 726 178 763 tria,
203 727 350 757 miserum
366 729 518 759 exsilium.
552 730 676 759 Bonum
690 728 842 766 valetudo,
858 728 1005 758 miserum

108 771 242 799 morbus.
275 771 400 801 Bonum
422 772 578 812 integritas
600 772 742 813 corporis,
759 772 904 801 miserum
920 770 1005 800 debi-

106 811 185 842 litas.
209 813 334 843 Bonum
349 814 508 845 incolumis
521 815 608 853 acies,
622 816 769 845 miserum
782 815 896 845 caecitas
908 825 915 844 ε
933 824 1004 855 quae

106 854 135 885 si*
157 861 256 896 potest
280 856 400 897 singula
426 858 607 888 consolando
633 859 743 895 levare,
771 858 911 888 universa
941 867 1003 897 quo

107 898 198 928 modo
228 899 412 930 sustinebit?
451 901 498 931 Sit
528 901 610 931 enim
637 901 719 931 idem
746 911 853 937 caecus,
881 900 1000 938 debilis,

106 943 214 971 morbo
229 942 406 982 gravissimo
422 944 558 982 affectus,
581 945 679 982 exsul,
696 945 798 980 orbuS,
821 953 922 984 egens,
940 949 1002 973 tor-

106 990 236 1024 queatur
251 986 380 1026 equuleo
393 998 401 1017 ε
427 998 519 1028 quem
535 987 617 1018 hunc
630 987 776 1028 appellas,
789 986 871 1016 Zeno
883 988 897 1016 Ρ
921 986 1003 1016 Bea-

106 1032 186 1065 tum,
200 1027 309 1069 inquit.
342 1029 447 1060 Etiam
461 1030 671 1060 beatissimum
683 1032 696 1061 .⁹
721 1030 858 1070 Quippe,
871 1029 1001 1069 inquiet,

107 1079 178 1100 cum
206 1076 270 1101 tam
295 1071 449 1103 docuerim
471 1073 582 1114 gradus
603 1073 693 1104 istam
714 1083 777 1103 rem
800 1082 861 1102 non
876 1072 1000 1111 habere,

106 1123 200 1153 quam
216 1114 371 1154 virtutem,
388 1116 419 1145 in
436 1117 498 1157 quii
514 1116 551 1146 sit
567 1116 658 1146 etiam
674 1116 776 1157 ipsum
791 1117 926 1146 beatum.

149 1156 224 1186 Tibi
253 1157 310 1188 hoc
340 1158 525 1198 incredibile,
554 1160 627 1200 quia
652 1159 871 1190 beatissimum.
910 1157 999 1196 Quid

107 1203 197 1230 tuum
212 1201 226 1230 ?
249 1200 415 1232 credibile?
451 1203 483 1233 Si
499 1202 581 1233 enim
599 1203 637 1233 ad
658 1203 809 1243 populum
823 1212 874 1231 me
889 1211 998 1237 vocas;

106 1252 189 1277 euin,
207 1243 260 1284 qui
271 1243 313 1274 ita
328 1244 366 1274 sit
381 1245 516 1284 affectus,
532 1247 657 1276 beatum
673 1255 833 1286 nunquam
846 1244 1000 1285 probabis.

106 1285 140 1314 Si
161 1285 200 1315 ad
220 1286 394 1327 prudente3‚
417 1289 548 1319 alterum
570 1289 694 1319 fortasse
710 1289 905 1324 dubitabunt,
923 1287 1002 1317 sitne

106 1333 227 1358 tantum
248 1329 279 1359 in
303 1330 423 1369 virtute,
446 1338 491 1369 ut,
514 1332 550 1362 ea
569 1332 700 1372 praediti,
718 1332 765 1362 vel
781 1331 812 1360 in
830 1329 1003 1360 Phalaridis

107 1375 194 1401 tauro
214 1372 295 1402 beati
316 1373 395 1403 sint:
421 1375 551 1405 alterum
572 1385 634 1405 non
655 1374 851 1411 dubitabunt,
875 1373 949 1414 quin
972 1378 1003 1403 et

107 1414 201 1444 Sto‘ici
221 1416 428 1447 convenientia
449 1418 506 1448 sibi
527 1418 639 1455 dicant,
662 1423 692 1448 et
714 1428 765 1448 vos
786 1416 998 1457 repugnantia.

107 1455 310 1498 Theophrasti
331 1459 434 1500 igitur,
456 1461 568 1502 inquit,
591 1461 646 1491 tibi
665 1461 743 1491 liber
764 1460 816 1490 ine
839 1460 938 1500 placet
961 1458 1000 1489 de

106 1498 205 1530 Beata
221 1501 321 1532 Vita?
345 1503 466 1533 Tamen
482 1506 657 1534 aberramus
672 1514 690 1533 a
705 1503 877 1544 proposito:
903 1508 943 1539 et,
960 1511 1000 1531 ne

103 1541 235 1582 longius,
256 1555 388 1584 prorsus,
414 1546 553 1587 inquam,
581 1547 663 1585 Piso,
690 1547 714 1576 si
735 1547 791 1576 ista
811 1546 894 1575 mala
914 1550 997 1580 sunt,

104 1585 211 1624 placet.
236 1587 349 1618 Nonne
363 1588 458 1629 igitur
472 1590 527 1620 tibi
543 1589 695 1627 videntur,
709 1589 819 1630 inquit,
833 1589 915 1618 mala
927 1590 939 1618 ἶν’
959 1587 997 1617 Id

106 1627 261 1671 [quaeriS,]
273 1631 412 1672 inquam,
428 1632 460 1662 in
481 1643 554 1674 quo,
571 1639 676 1663 utrum
692 1632 884 1673 respondero,
901 1640 1000 1660 verses

104 1676 134 1700 te
155 1671 215 1702 huc
234 1679 326 1714 atque
346 1674 419 1705 illuc
434 1685 552 1706 necesse
568 1682 621 1706 est.
645 1677 718 1714 Quo
738 1675 861 1705 tandem
876 1673 968 1703 modo
981 1675 996 1703 Ρ

108 1713 219 1755 inquit.
258 1716 353 1755 Quia,
378 1718 403 1748 si
418 1719 501 1749 mala
516 1725 597 1757 sunt,
615 1719 651 1757 is,
668 1719 722 1760 qui
738 1718 793 1748 erit
807 1718 839 1747 in
856 1717 915 1755 his,
931 1717 1005 1746 bea-

104 1761 154 1787 tus
179 1767 239 1789 non
264 1759 339 1790 erit:
363 1760 388 1791 si
412 1762 494 1792 mala
517 1772 579 1792 non
603 1767 685 1801 sunt,
706 1762 786 1801 jacet
801 1760 901 1792 omnis
922 1758 1000 1789 ratio
