1180 1935
131 55 193 85 418
237 54 299 86 DE
323 57 431 89 NAT.
448 58 585 91 DEOR.
599 58 678 90 [ΑΒ.
692 59 758 90 ΙΙΙ.
776 59 860 90 ΟΑΡ.
877 59 928 89 21.

131 142 213 172 bus?
236 152 322 173 arcus
342 144 424 175 enim
444 145 507 186 ipse
527 156 565 176 ex
585 145 718 176 nubibus
738 145 864 176 efficitur
884 144 1016 185 quodam

131 184 222 215 modo
238 186 383 217 coloratis.
407 188 548 225 Quarum
562 199 624 219 una
639 189 730 219 etiam
746 188 912 219 Centauros
927 198 1018 228 pepe-

131 227 203 257 risse
218 228 334 258 dicitur.
359 229 452 267 Quod
475 232 498 261 si
519 233 613 262 nubes
634 232 770 262 retuleris
785 231 816 260 in
832 231 926 266 Deos,
942 230 1018 260 refe-

131 270 232 300 rendae
247 277 324 301 certe
345 280 432 303 erunt
446 280 648 315 tempestates,
670 285 738 315 quae
757 274 863 314 populi
883 273 1017 303 Romani

132 312 238 343 ritibus
258 322 433 346 consecratae
458 324 536 347 sunt.
570 317 653 358 Ergo
675 317 797 354 imbres,
820 316 928 353 nimbi,
949 326 1019 356 pro-

133 356 226 393 cellae,
244 357 388 397 turbines,
406 359 459 389 Dii
479 360 616 400 putandi.
650 360 754 390 Nostri
773 359 896 400 quidem
917 358 1018 397 duces,

133 407 216 428 mare
236 399 446 439 ingredientes,
466 403 624 433 immolare
643 402 772 433 hostiam
792 401 933 431 fluctibus
949 411 1020 431 con-

132 448 302 472 sueverunt.
335 443 432 481 Tum,
454 445 478 474 si
497 451 541 475 est
560 446 648 476 Ceres
668 456 686 475 a
706 444 836 485 gerendo
860 444 915 478 (ita
937 444 1020 473 enim

132 483 275 522 dicebas),
293 491 370 515 terra
384 487 449 527 ipsa
464 488 531 517 Dea
546 494 608 519 est:
633 494 662 519 et
677 488 719 518 ita
733 488 879 523 habetur;
894 497 962 527 quae
976 492 1021 516 est

133 527 215 559 enim
238 528 297 557 alia
322 529 428 560 Tellus
442 532 456 561 ?
491 531 544 561 Sin
570 537 668 568 terra;
692 541 775 562 mare
801 530 903 567 etiam,
927 539 1020 570 quem

134 569 317 610 Neptunum
338 582 399 602 esse
423 573 559 604 dicebas:
584 584 654 614 ergo
669 580 698 606 et
713 573 850 610 flumina,
867 578 896 602 et
911 572 1018 602 fontes.

134 612 243 652 Itaque
264 619 293 643 et
315 614 420 645 Fontis
439 616 600 647 delubrum
621 617 711 647 Maso
733 627 770 646 ex
792 615 912 646 Corsica
935 615 1020 645 dedi-

133 656 212 685 cavit
225 666 234 691 ;
259 662 287 686 et
302 656 333 686 in
349 668 500 698 augurum
515 660 684 700 precatione
699 659 892 696 Tiberinum,
909 657 1020 698 Spino-

133 707 215 735 nem,
238 699 417 738 Almonem,
440 702 611 739 Nodinum,
634 702 692 732 alia
706 702 946 743 propinquorum
962 700 1022 730 flu-

133 741 253 771 minum
274 743 409 782 nomina,
425 744 571 775 videmus.
596 746 679 785 Ergo
698 745 755 775 hoc
774 751 827 774 aut
842 744 874 773 in
889 744 1021 773 immen-

133 794 203 813 sum
228 791 335 826 serpet,
365 792 418 816 aut
440 788 517 817 nihil
539 788 649 818 horum
676 787 864 828 recipiemus,
890 796 944 817 nec
967 786 1021 816 illa

132 826 251 857 infinita
275 829 350 859 ratio
372 831 589 870 superstitionis
614 831 800 872 probabitur.
835 829 924 861 Nihil
948 839 1020 870 ergo

132 869 243 900 horum
258 872 449 911 probandum
466 880 518 904 est.

176 912 271 944 XXI.
296 914 442 946 Dicamus
456 917 560 956 igitur,
584 917 691 955 Balbe,
715 922 841 958 oportet,
865 922 967 946 contra
981 914 1020 944 il-

132 955 178 985 los
193 956 294 995 etiam,
318 958 372 998 qui
392 958 446 989 hos
461 960 543 991 Deos
559 971 596 990 ex
610 960 771 991 hominum
792 969 900 1000 genere
914 959 945 988 in
962 969 1020 988 coe-

133 999 200 1028 lum
224 1001 392 1037 translatos,
416 1012 477 1032 non
501 1014 544 1041 re,
568 1003 619 1033 sed
645 1003 795 1044 opinione,
819 1013 881 1032 esse
901 1001 1018 1039 dicunt,

133 1052 209 1082 quos
221 1049 347 1083 auguste
362 1054 465 1075 omnes
481 1051 641 1087 sancteque
655 1056 841 1076 veneramur.
866 1044 1020 1084 Principio

132 1084 226 1115 «Ioves
238 1091 296 1116 tres
312 1094 474 1118 numerant
484 1088 517 1126 ii,
534 1089 587 1129 qui
603 1089 734 1129 theologi
749 1088 964 1118 nominantur:
981 1096 1021 1117 ex

133 1127 246 1168 quibus
266 1129 399 1169 primum
416 1136 445 1161 et
467 1131 633 1161 secundum
648 1138 733 1161 natos
748 1131 780 1160 in
795 1129 951 1165 Arcadi&
976 1129 1020 1159 al-

133 1175 233 1200 terum
248 1178 332 1212 patre
348 1173 485 1211 AEthere,
502 1185 539 1204 ex
554 1185 615 1215 quo
631 1174 722 1204 etiam
738 1173 951 1213 Proserpinam
965 1182 1021 1220 na:

133 1219 197 1243 tam
217 1213 328 1251 ferunt,
353 1222 382 1245 et
402 1216 569 1253 Liberum;
593 1217 721 1247 alterum
742 1222 827 1257 patre
848 1215 942 1251 Coelo,
966 1225 1021 1255 qul

131 1257 270 1296 genuisse
286 1258 459 1289 Minervam
480 1260 599 1297 dicitur,
623 1270 717 1300 quam
736 1259 903 1299 principem
923 1264 952 1288 et
972 1258 1021 1287 in-

134 1300 295 1330 ventricem
312 1301 383 1331 belli
399 1301 518 1339 ferunt3
543 1303 665 1333 tertium
687 1302 872 1338 Cretensem,
896 1300 1020 1331 Saturni

133 1341 244 1380 filium,
271 1344 357 1382 cujus
382 1344 413 1374 in
439 1346 492 1375 illa
517 1346 618 1375 insula
643 1346 815 1386 sepulcrum
841 1344 1019 1374 ostenditur.

134 1390 298 1424 Διοσκουροι
310 1387 400 1416 etiam
416 1388 497 1428 apud
510 1389 616 1418 Graios
631 1388 736 1418 multis
751 1387 848 1418 modis
859 1387 1020 1417 nominan-

134 1432 193 1458 tur.
217 1428 315 1458 Primi
330 1435 398 1467 tres,
416 1431 469 1471 qui
484 1431 674 1471 appellantur
685 1431 817 1469 Anaces,
833 1429 966 1460 Athenis
980 1439 1019 1459 ex

132 1470 222 1508 Jove,
246 1482 315 1512 rege
330 1473 550 1513 antiquissimo,
572 1479 601 1503 et
617 1473 797 1513 Proserpina
817 1472 891 1509 nati,
916 1472 1018 1519 Trito-

133 1520 265 1553 patreuS,
289 1515 459 1554 Eubuleus,
483 1516 657 1557 Dionysus;
682 1515 815 1551 secundi,
839 1515 917 1546 Jove
933 1520 1020 1544 terno

134 1556 198 1586 nati
221 1567 258 1586 ex
283 1557 379 1597 Leda,
401 1560 507 1589 Castor
530 1567 559 1590 et
583 1560 715 1594 Pollux;
739 1558 820 1589 tertii
840 1558 981 1588 dicuntur
997 1567 1020 1604 a

133 1600 288 1630 nonnullis
308 1601 398 1639 Alco,
419 1602 607 1644 Melampus,
629 1608 659 1633 et
678 1602 819 1639 Emolus,
840 1600 930 1631 Atrei
951 1599 1018 1637 filii,

134 1642 189 1683 qui
202 1642 315 1684 Pelope
329 1650 417 1675 natus
432 1645 499 1675 fuit.

175 1685 250 1715 Jam
276 1686 378 1717 Musae
403 1688 509 1728 primae
535 1695 675 1729 quatuor,
702 1694 781 1719 natae
805 1687 885 1718 Jove
910 1686 1018 1723 altero,

134 1727 315 1770 Thelxiope,
336 1730 445 1769 Aoede,
468 1731 583 1771 Arche,
606 1731 743 1768 Melete;
766 1730 915 1769 secundae,
937 1729 1018 1760 Jove
