1226 1935
270 97 393 130 TUSC.
407 97 579 137 QUAEST.
597 98 675 128 Lm.
694 98 720 128 Ι.
734 98 817 128 cn.
831 96 882 126 44.
958 95 1016 130 147

134 192 218 220 eum,
235 189 264 213 et
284 175 403 221 sentire,
421 184 535 221 (credo)
551 190 648 225 putat
681 183 765 223 Ergo
785 183 834 213 hic
857 181 1020 218 ulciscitur,

137 231 171 254 ut
186 226 310 266 quidem
331 227 387 257 sibi
409 227 536 257 videtur.
565 227 611 256 At
625 226 784 264 illa,31ffl’cut
799 224 1021 256 acerbissimam

136 277 212 306 rem,
230 275 354 299 moeret·

179 328 201 344 “
219 326 304 365 Vidi,
321 327 420 358 videre
435 327 517 368 quod
532 337 581 358 me
596 338 682 369 passa
698 327 863 368 aegerrime,

179 368 342 400 Hectorem
359 370 539 411 quadrijugo
554 381 644 401 curru
660 370 836 411 raptarier.'’

136 427 239 465 Quem
267 428 457 460 Hectorem?
480 435 534 459 aut
559 429 706 470 quamdiu
728 428 779 458 ille
799 428 855 458 erit
876 426 991 457 Hector
1004 427 1018 456 ?

136 470 252 501 Melius
267 471 437 510 Acciusfet
453 472 617 513 aliquando
633 471 750 512 sapiens
765 470 922 501 Achilles:

180 531 202 547 “
219 529 322 561 Immo
342 531 494 561 enimvero
509 541 617 572 corpus
634 531 757 561 Priamo
776 529 914 560 reddidi:
941 528 1024 559 Hec-

307 579 402 604 torem
414 574 559 605 abstuli.”

137 631 210 662 Non
226 631 319 673 igitur
335 633 468 664 Hectora
483 633 611 672 traxisti,
631 633 683 664 sed
698 643 816 674 corpuS,
828 631 910 673 quod
925 631 1024 661 fuerat

137 674 286 706 Hectoris.
319 676 398 707 Ecce
419 677 496 707 alius
516 677 649 707 exoritur
669 686 685 707 e
705 676 795 714 terra,
819 675 873 716 qui
894 680 1024 705 matrem

141 716 273 749 dormire
287 729 348 749 non
363 719 460 750 sinat:

182 772 204 789 ‘⁶
220 771 334 810 Mater,
357 778 387 803 te
404 773 536 814 appello,
559 783 629 814 quae
649 783 753 803 curam
774 781 880 803 somno
902 780 1027 812 suspen-

312 825 377 845 sam
393 815 485 854 levas,

179 855 291 898 Neque
306 863 336 888 te
350 858 410 888 mei
425 858 565 889 miseret:
587 869 687 899 surge,
705 864 734 888 et
749 857 841 899 sepeli
855 855 997 887 natum.”

136 916 215 947 Haec
230 926 300 947 cum
314 917 422 957 pressis
436 923 466 948 et
485 917 637 948 flebilibus
657 916 766 954 modis,
784 916 837 957 qui
860 915 930 946 totis
945 914 1030 945 thea-

136 959 190 989 tn's
214 960 387 990 moestitiam
411 960 553 998 inferant,
579 960 801 995 concinuntur;
826 958 947 988 difficile
973 962 1028 996 est,

137 1011 197 1032 non
213 1012 274 1041 eos,
290 1003 345 1044 qui
359 1003 511 1034 inhumati
526 1003 597 1041 sint,
613 1003 738 1034 miseros
750 1001 906 1042 judicare:

184 1061 207 1079 ‘⁶
223 1061 308 1102 prius
324 1072 418 1103 quam
433 1062 515 1101 ferae,
532 1062 729 1103 volucresque
739 1061 759 1076 ‘⁹
764 1084 843 1093 ......

140 1117 269 1158 Metuit,
280 1129 319 1150 ne
331 1119 468 1151 laceratis
482 1121 629 1152 membris
639 1121 742 1151 minus
756 1122 834 1151 bene
848 1123 953 1149 utatur
966 1130 975 1148 ι
995 1127 1034 1148 ne

140 1163 316 1202 combustis,
333 1173 394 1194 non
410 1164 588 1195 extimescit.

184 1223 207 1240 ‘⁶
223 1221 315 1252 Heu!
340 1222 493 1265 relliquias
514 1223 648 1254 semiassi
667 1222 756 1265 regis,
773 1221 934 1252 denudatis
956 1219 1030 1251 ossi-

315 1266 372 1296 bus

183 1306 243 1338 Per
257 1288 384 1347 terram:
395 1307 478 1339 sanie
492 1309 652 1348 delibutas,
668 1308 746 1339 foede
761 1306 951 1338 divexarier.
943 1306 976 1326 ''’

142 1366 216 1397 Non
239 1366 387 1407 intelligo,
410 1367 486 1408 quid
503 1373 631 1406 metuat,
655 1377 726 1398 cum
741 1372 806 1396 tam
820 1367 916 1396 bonos
937 1368 1036 1404 septe-

148 1409 247 1440 uarios
262 1409 372 1440 fundat
386 1410 425 1440 ad
441 1410 557 1441 tibiam.
582 1409 767 1440 Tenendum
783 1414 827 1439 est
841 1408 945 1455 igitur,
962 1406 1039 1436 nihil

149 1453 320 1483 curandum
345 1463 407 1483 esse
430 1459 498 1494 post
521 1461 663 1491 mortem,
689 1463 760 1482 cum
786 1451 877 1481 multi
899 1449 1037 1479 inimicos

151 1495 242 1526 etiarn
270 1501 406 1526 mortuos
435 1496 617 1536 poeniantur.
651 1495 846 1533 Exsecratur,
877 1492 1039 1523 luculentis

144 1548 216 1568 sane
237 1539 383 1576 versibus,
406 1538 489 1579 apud.
509 1539 649 1569 Ennium
665 1538 825 1578 Thyestes,
849 1536 984 1577 primum
1005 1541 1040 1564 ut

146 1581 305 1621 naufragio
333 1588 436 1621 pereat
458 1582 582 1612 Atreus.
616 1581 741 1611 Durum
763 1580 820 1610 hoc
843 1589 933 1609 sane·
967 1577 1036 1607 talis

146 1623 229 1654 enim
244 1624 381 1654 interitus
397 1634 458 1654 non
475 1631 519 1655 est
534 1624 597 1655 sine
611 1624 697 1665 gravi
713 1620 1038 1653 sensu.1uainania:

191 1684 213 1700 “
231 1682 301 1723 Ipse
316 1682 444 1712 summis
458 1683 538 1713 saxis
553 1683 634 1713 fixus
649 1682 774 1724 asperiS,
792 1681 983 1716 evisceratus,

192 1725 299 1756 Latere
313 1725 461 1766 pendens,
476 1737 550 1756 saxa
565 1736 708 1767 spargens
725 1726 808 1763 tabo,
831 1723 913 1755 sanie
928 1728 957 1753 et
973 1731 1043 1752 san-

324 1768 416 1808 guine
431 1769 517 1799 atro.’
