1180 1935
191 80 255 112 396
299 78 359 110 DE
376 78 486 111 NAT.
502 77 639 110 DEOR.
653 78 732 110 Lm.
749 78 796 109 11.
813 78 897 110 CAP.
913 79 965 110 64.

186 176 255 196 rum
277 171 305 196 et
330 165 517 196 familiarum
540 175 674 196 suarum.
708 165 818 206 Itaque
840 165 942 196 bestiae
964 164 1072 195 fiirtim

186 213 235 242 (ut
246 209 324 244 dixi)
334 208 487 245 fruuntur,
500 208 615 238 domini
626 208 727 249 palam
738 214 767 238 et
778 209 879 238 libere.
897 208 1071 238 Hominum

187 252 281 292 igitur
295 252 384 281 causa
399 262 447 282 eas
462 262 562 281 rerum
581 252 679 291 copias
700 259 896 292 comparatas,
913 251 1070 281 fatendum

187 301 253 325 est:
277 294 334 324 nisi
355 295 431 325 forte
453 300 537 324 tanta
557 295 676 324 ubertas
702 300 731 324 et
752 295 877 324 varietas
896 304 1071 335 pomorum,

188 347 353 377 eorumque
365 337 521 376 jucundus
535 346 594 366 nou
610 342 748 377 gustatus
766 337 876 373 solum,
893 337 944 367 sed
964 337 1071 367 odora-

185 385 236 410 tus
260 380 351 410 etiam
377 386 406 410 et
431 380 598 420 adspectus,
626 379 844 410 dubitationem
870 380 966 417 affert,
994 379 1070 420 quin

184 423 358 453 hominibus
385 423 453 453 solis
480 433 515 453 ea
540 429 649 452 natura
672 422 834 453 donaverit.
869 422 1071 463 Tantumque

183 467 277 503 abest,
294 472 328 495 ut
343 465 408 496 haec
423 466 587 495 bestiarum
603 465 694 495 etiam
714 465 804 495 causa
823 471 927 505 parata
947 465 1017 501 sint,
1035 471 1069 495 ut

183 509 263 549 ipsas
280 509 389 538 bestias
408 508 569 538 hominum
588 508 685 548 gratia
707 514 862 547 generatas
884 518 945 538 esse
967 508 1069 538 videa-

180 561 259 581 mus.
294 551 379 588 Quid
399 552 479 581 enim
500 561 568 581 oves
589 551 671 580 aliud
686 550 826 587 afferunt,
842 550 899 580 nisi
914 557 949 581 ut
964 561 1069 581 earum

184 594 263 624 vinis
283 594 423 624 confectis
446 600 536 634 atque
559 594 705 624 contextis
727 594 866 624 homines
877 593 1040 624 vestiantur
1052 595 1067 624 ἓ

179 647 250 677 quae
263 636 388 677 quidem
403 647 503 677 neque
515 637 556 666 ali
566 647 663 677 neque
673 636 844 673 sustentari,
856 646 953 677 neque
965 637 1066 666 ullum

179 680 313 710 fructum
336 679 421 710 edere
443 690 480 709 ex
503 690 544 716 se,
561 679 625 709 sine
646 680 730 709 cultu
753 679 913 709 hominum
933 685 961 709 et
979 690 1065 709 cura-

179 722 270 759 tione,
301 722 476 763 potuissent.
510 722 629 752 Canum
654 732 723 752 vero
747 728 810 752 tam
835 721 895 751 fida
918 722 1064 759 custodia,

178 772 302 806 tamque
333 775 438 795 amans
475 765 667 795 dominorum
703 765 846 801 adulatio,
884 770 1065 805 tantumque

176 808 281 838 odium
305 808 336 838 in
357 814 505 845 externos,
532 814 560 838 et
584 814 645 838 tam
672 808 854 838 incredibilis
877 808 915 837 ad
941 807 1065 838 investi-

176 851 313 891 gandum
329 851 472 891 sagacitas
490 851 622 886 narium,
639 856 723 880 tanta
743 851 878 880 alacritas
898 851 929 880 in
951 861 1064 881 venan-

177 894 226 930 do,
244 894 318 934 quid
334 894 481 934 significat
501 894 595 929 aliud,
612 893 669 923 nisi
690 904 720 923 se
738 893 776 923 ad
798 893 958 923 hominum
982 904 1064 924 com-

177 936 337 967 moditates
353 947 413 967 esse
428 938 608 976 generatos?
632 936 717 974 Quid
740 936 777 966 de
803 937 902 966 bubus
928 937 1062 977 loquar?

176 990 307 1020 quorum
329 980 395 1020 ipsa
417 986 500 1019 terga
521 979 673 1010 declarant
693 989 752 1009 non
778 990 839 1009 esse
865 990 896 1009 se
925 980 963 1008 ad
985 990 1063 1010 onus

176 1022 383 1063 accipiendum
409 1023 560 1062 figurata3
584 1022 710 1052 cervices
725 1028 827 1052 autem
848 1031 927 1052 natat·
953 1022 990 1052 ad
1009 1024 1061 1062 ju-

176 1075 251 1106 gum
265 1077 274 1101 ;
299 1071 365 1095 tum
382 1066 456 1095 vires
476 1065 672 1095 humerorum
689 1071 718 1095 et
740 1064 925 1101 latitudines,
942 1065 979 1094 ad
995 1076 1062 1095 ara-

178 1115 223 1138 tra
233 1108 435 1138 extrahenda:
460 1108 581 1148 quibus,
599 1118 668 1138 cum
681 1113 767 1137 terrae
783 1107 993 1147 subigerentur
1009 1108 1059 1138 fis-

175 1151 258 1181 sione
278 1152 445 1191 glebarum,
473 1152 511 1181 ab
532 1151 584 1180 illo
605 1161 695 1180 aureo
721 1160 838 1190 genere,
856 1156 890 1180 ut
904 1153 1001 1191 poe‘tae
1015 1151 1061 1181 lo-

175 1200 322 1234 quuntur,
340 1195 383 1224 vis
395 1204 553 1234 nunquam
569 1194 633 1223 ulla
647 1194 835 1223 afferebatur.

217 1255 240 1270 ‘⁸
257 1253 365 1283 Ferrea
380 1258 446 1282 tum
463 1263 531 1282 vero
546 1253 644 1293 proles
660 1258 764 1282 exorta
778 1258 900 1293 repente
914 1259 958 1284 est
971 1264 981 1289 ς

215 1295 363 1335 Ausaque
378 1295 531 1325 funestum
548 1296 646 1336 prima
661 1301 703 1325 est
718 1295 888 1326 fabricarier
904 1306 1017 1333 ensem,

214 1338 257 1369 Et
279 1344 409 1379 gustare,
432 1348 526 1368 manu
550 1338 674 1377 victum,
698 1338 921 1380 domitumque,
949 1340 1059 1379 juven.

301 1382 405 1411 cum.''

172 1452 276 1482 Tanta
290 1453 454 1492 putabatur
469 1451 583 1482 utilitas
598 1451 710 1492 percipi
726 1462 763 1482 ex
778 1452 890 1490 bubus,
907 1457 941 1482 ut
952 1462 1058 1483 eorum

173 1494 334 1525 visceribus
349 1495 425 1525 vesci
441 1495 536 1524 scelus
551 1495 719 1525 haberetur.

218 1537 341 1567 LXIV.
364 1537 508 1577 Longum
524 1544 568 1567 est
579 1538 733 1567 mulorum
747 1537 884 1578 persequi
900 1537 1055 1577 utilitates,

171 1587 202 1611 et
216 1580 389 1615 asinorum;
414 1590 483 1621 quae
504 1586 581 1610 certe
601 1580 639 1610 ad
659 1580 819 1610 hominum
838 1590 928 1610 usum
943 1587 1056 1621 paratae

169 1630 249 1653 sunt.
283 1623 341 1653 Sus
356 1633 424 1653 vero
440 1622 514 1663 quid
529 1623 631 1659 habet,
654 1629 761 1663 praeter
777 1633 874 1653 escam
885 1623 899 1652 ἱ)
922 1623 971 1654 cui
986 1624 1055 1665 qui-

167 1666 249 1703 dem,
273 1675 311 1695 ne
332 1666 501 1706 putisceret,
521 1666 656 1696 animam
677 1666 774 1707 ipsam
795 1676 849 1706 pro
869 1666 930 1697 sale
950 1665 1054 1696 datam

167 1708 239 1739 dicit
264 1719 326 1739 esse
351 1708 562 1749 Chrysippus:
594 1709 656 1749 quiz
678 1709 802 1749 pecude,
827 1709 908 1750 quod
931 1715 993 1739 erat
1015 1708 1054 1739 ad

167 1751 350 1783 vescendum
372 1751 547 1783 horninibus
567 1757 649 1793 apta,
671 1751 747 1783 nihil
767 1752 873 1793 genuit
888 1757 996 1783 natura
1011 1752 1054 1783 fe-
