1226 1935
229 59 271 90 34
367 59 428 91 DE
453 60 652 101 FINIBUS,
670 61 749 92 Lm.
769 61 828 94 IV.
847 61 930 93 CAP.
943 62 978 91 4.’

228 155 289 185 quo
304 145 394 176 modo
409 146 581 187 loquantur.
607 148 696 179 Nova
711 149 802 178 verba
813 147 953 187 fingunt;
977 146 1119 178 deserunt

228 188 346 218 usitata.
370 189 416 219 At
436 197 549 230 quanta
573 191 741 221 conantur!
771 191 923 221 mundum
945 190 1027 220 hunc
1050 199 1116 219 om-

227 240 298 260 nem
314 232 460 272 oppidum
476 243 537 262 esse
553 240 698 263 nostrum.
725 233 863 263 Incendit
878 233 970 273 igitur
986 243 1045 269 eos,
1062 231 1117 273 qui

228 274 365 304 audiunt.
392 275 496 311 Vides,
508 283 655 316 quantam
666 287 728 306 rem
745 278 837 316 agat?
862 282 907 311 ut,
925 276 1046 305 Circeiis
1063 274 1117 316 qui

228 316 353 355 habitet,
382 324 478 348 totum
506 318 587 348 hunc
613 319 765 349 mundum
792 329 881 349 suum
913 318 1117 358 municipium

227 369 289 389 esse
315 360 485 391 existimet!
533 362 617 398 Quid
632 364 645 392 :³
678 363 728 392 illc
752 362 891 392 incendat
905 363 917 391 ἓ
951 361 1116 401 restinguet

226 401 324 440 citius,
342 403 366 432 si
386 403 540 433 ardentem
556 405 708 445 acceperit.
746 405 808 434 Ista
823 405 898 444 ipsa,
915 415 984 444 quae
1000 411 1032 433 tu
1049 405 1116 433 bre-

223 444 312 483 viter,
330 456 442 486 regem,
460 446 647 484 dictatorem,
658 448 794 483 divitem,
806 448 904 477 solum
920 457 982 476 esse
998 447 1118 483 sapien-

225 495 299 523 tem,
316 499 333 517 a
350 495 377 518 te
398 489 521 529 quidem
546 497 614 529 apte
638 501 671 520 ac
693 490 839 519 rotunde:
865 489 998 530 quippe;
1023 489 1115 519 habes

225 531 306 560 enim
323 542 340 560 a
355 532 533 562 rhetoribus.
560 533 688 562 Illorum
705 543 773 562 vero
789 533 845 562 ista
860 532 925 572 ipsa
941 542 1034 572 quam
1051 532 1115 561 exi-

225 573 267 602 lia
283 573 319 603 de
336 574 456 604 virtutis
474 575 523 605 vi!
550 586 642 615 quani
659 582 775 605 tantam
791 575 896 605 volunt
907 585 980 611 esse,
994 580 1028 604 ut
1041 575 1116 604 bea-

225 621 290 645 tuin
309 627 362 656 per
383 628 413 647 se
435 617 549 647 efficere
570 619 671 658 possit.
698 618 856 657 Pungunt,
883 617 969 658 quasi
990 617 1113 655 aculeis,

223 658 519 699 interrogatiunculis
540 661 686 700 angustis,
711 661 822 701 quibus
838 660 928 690 etiam
945 659 998 700 qui
1014 670 1114 689 assen-

224 701 353 739 tiuntur,
370 703 446 732 nihil
463 709 689 733 commutantur
706 703 819 741 animo,
837 709 865 733 et
880 702 972 732 iidem
989 703 1113 741 abeunt,

224 744 277 784 qui
293 751 436 774 venerant
450 757 457 775 :
482 756 528 775 res
544 746 635 782 enim,
653 746 776 776 fortasse
793 756 880 782 verae,
898 751 975 775 certe
994 756 1111 785 graves,

222 796 283 816 non
299 787 340 817 ita
352 794 529 825 tractantur,
543 795 577 818 ut
589 789 710 824 debent,
724 789 775 819 sed
785 789 941 829 aliquanto
952 788 1110 818 minutius.

267 830 325 860 IV.
350 831 494 871 Sequitur
506 831 668 861 disserendi
680 831 765 868 ratio,
783 831 973 871 cognitioque
984 837 1111 861 naturae.

223 872 308 903 Nam
325 873 362 903 de
377 884 498 904 summo
513 875 593 904 bono
609 885 681 904 mox
699 877 746 907 (ut
761 874 838 910 dixi)
855 873 1024 903 videbimus
1037 884 1046 909 ;
1070 879 1111 911 et,

222 915 260 945 ad
277 916 307 945 id
324 916 550 956 explicandum,
573 917 808 957 disputationem
830 926 953 947 omnem
978 916 1112 946 confere-

221 967 300 988 mus.
336 959 374 988 ln
399 959 434 989 iis
450 959 543 1000 igitur
558 960 693 1000 partibus
709 959 828 990 duabus
843 959 920 989 nihil
937 965 1009 994 erat,
1028 959 1111 999 quod

221 1000 306 1031 Zeno
321 1008 507 1032 commutare
522 1002 642 1042 gestiret
656 1014 663 1032 ε
689 1013 735 1032 res
756 1002 836 1032 enim
853 1002 995 1043 praeclare
1011 1012 1041 1031 se
1056 1002 1111 1031 ha-

220 1044 303 1081 bent,
327 1050 356 1074 et
376 1044 499 1084 quidem
524 1045 555 1075 in
583 1045 712 1085 utraque
734 1051 828 1085 parte.
858 1044 943 1082 Quid
967 1044 1047 1074 enim
1071 1046 1110 1075 ab

219 1086 353 1127 antiquis
375 1098 412 1117 ex
433 1098 467 1117 eo
488 1098 605 1128 genere,
623 1088 705 1128 quod
726 1088 764 1117 ad
789 1087 996 1117 disserendum
1018 1087 1109 1124 valet,

218 1130 455 1169 praetermissum
481 1133 550 1161 est?
584 1131 637 1171 qui
660 1137 688 1160 ct
709 1130 890 1160 definierunt
914 1130 1059 1170 plurima,
1081 1137 1111 1160 et

219 1171 382 1202 definiendi
397 1179 474 1203 artes
490 1173 696 1214 reliquerunt:
722 1173 865 1214 quodque
882 1179 925 1202 est
941 1173 1112 1204 definitioni

218 1214 409 1253 adjunctum,
427 1222 461 1245 ut
477 1227 521 1246 res
537 1217 568 1246 in
584 1223 683 1257 partes
698 1215 861 1253 dividatur,
878 1215 908 1244 id
925 1222 954 1245 et
969 1215 1003 1245 fit
1018 1216 1056 1245 ab
1072 1215 1110 1245 il-

216 1257 264 1293 lis,
282 1264 322 1295 et,
339 1259 599 1299 quemadmodum
615 1259 679 1288 fieri
694 1264 840 1299 oporteat,
858 1258 996 1288 traditur.
1027 1258 1108 1288 Item

217 1300 254 1330 de
269 1301 435 1337 contrariis,
453 1313 471 1331 a
486 1302 596 1342 quibus
616 1302 654 1331 ad
674 1312 795 1341 genera,
818 1302 991 1342 formasque
1012 1311 1106 1340 gene-

217 1353 298 1379 rum,
315 1343 508 1374 devenerunt.
541 1345 563 1375 J
566 1355 615 1375 am
632 1345 814 1385 argumenti,
832 1344 946 1374 ratione
961 1344 1104 1382 conclusi,

217 1392 308 1426 caput
324 1397 385 1417 esse
400 1387 514 1417 faciunt
530 1398 574 1425 ca,
592 1398 660 1427 quae
675 1387 833 1427 perspicua
848 1387 971 1416 dicunt:
996 1386 1107 1417 deinde

216 1429 353 1459 ordinem
369 1436 537 1470 sequuntur
549 1442 556 1460 :
582 1436 660 1468 tum,
672 1430 746 1471 quid
759 1440 863 1460 verum
876 1429 914 1459 sit
924 1429 955 1459 in
965 1429 1105 1470 singulis,

217 1478 352 1502 extrema
367 1473 516 1503 conclusio
532 1479 584 1503 est.

259 1515 385 1552 Quanta
400 1522 501 1545 autem
518 1517 555 1546 ab
571 1515 630 1545 illis
646 1515 771 1545 varietas
783 1520 1045 1556 argumentorum,
1057 1525 1105 1545 ra-

215 1558 296 1588 tione
311 1558 567 1595 concludentium,
584 1568 750 1599 eorumque
765 1569 835 1588 cum
856 1558 994 1598 captiosis
1010 1558 1103 1588 inter-

216 1601 420 1641 rogationibus
435 1601 668 1631 dissimilitudo!
695 1601 790 1639 Quid,
808 1601 889 1641 quod
906 1601 1043 1641 pluribus
1059 1601 1105 1630 lo-

215 1643 256 1674 cis
272 1643 358 1684 quasi
372 1644 563 1682 denuntiant,
587 1650 621 1673 ut
642 1654 739 1684 neque
759 1654 903 1674 sensuum
926 1643 1017 1673 fidem
1037 1643 1102 1674 sine

214 1686 340 1724 ratione,
353 1696 408 1717 nec
420 1686 574 1728 [1ationis]
588 1687 651 1717 sine
666 1687 812 1724 sensibus,
823 1687 1019 1728 exquiramus
1030 1697 1040 1722 ς
1057 1691 1103 1716 at-

214 1739 274 1771 que
289 1734 324 1763 ut
339 1739 443 1761 eorum
458 1730 588 1762 alterurn
604 1731 643 1762 ab
658 1730 751 1761 altero
766 1729 964 1772 separemus?
987 1729 1072 1769 Quid
1087 1731 1102 1760 ἒ
