1226 1935
269 54 331 85 DE
357 54 465 86 NA'r.
490 54 628 85 DEOR.
654 54 733 86 11113.
752 54 777 85 Ι.
802 54 886 86 Car.
903 55 933 86 6.
989 56 1052 86 299

206 140 264 172 VI.
284 140 345 171 Sed
357 141 434 180 jam,
448 146 483 171 ut
494 140 579 170 omni
591 150 640 171 me
655 140 770 171 invidia
785 141 922 179 liberem,
939 151 1051 182 ponam

160 184 192 214 in
212 184 313 214 medio
333 183 494 214 sententias
515 183 766 224 philosophorum
789 183 826 214 de
844 184 954 214 natura
969 184 1052 214 Deo-

159 237 249 257 rum:
274 237 336 268 quo
351 226 476 267 quidem
491 226 556 257 loco
574 226 758 257 convocandi
778 236 883 257 omnes
899 227 1050 263 videntur,

159 269 224 310 qui,
250 281 319 311 quae
343 269 381 299 sit
401 279 504 299 earum
530 280 610 305 vera,
633 269 780 308 judicent.
815 269 900 300 Tum
926 270 1052 300 demum

159 312 237 342 mihi
252 323 363 354 procax
379 312 548 342 Academia
563 312 724 350 videbitur,
742 313 766 343 si
782 318 836 342 aut
851 313 1054 342 consenserint

159 365 276 393 omnes,
300 361 354 386 aut
376 355 431 386 erit
453 355 594 386 iuventus
617 355 738 396 aliquis,
761 355 826 396 qui,
848 355 924 396 quid
946 366 1052 386 verum

159 398 208 435 sit,
225 398 382 429 invenerit.
411 398 521 439 Itaque
537 397 614 428 mihi
628 398 704 429 libet
718 399 899 437 exclamare,
915 404 950 428 ut
967 397 1052 439 [ine]

158 441 189 471 in
205 441 414 482 Synephebis:

204 502 227 518 “
241 500 301 530 Pro
318 500 433 537 Deum,
447 500 644 541 popularium
656 500 809 538 omnium,
826 499 966 530 omnium
982 499 1055 529 ado-

331 543 522 580 lescentiurn,

202 585 323 624 Clamo,
331 586 471 659 f{itostulo3
484 588 618 623 obsecre,
631 596 695 624 oro,
709 587 806 627 ploro,
821 591 912 628 atque
924 585 1055 626 imploro

374 639 422 659 cm
436 640 446 666 3

158 709 219 730 non
235 699 389 731 levissima
404 700 442 731 dc
456 711 500 739 re,
516 706 552 731 ut
567 700 705 741 queritur
720 700 783 738 ille,

340 760 362 777 “
377 759 458 789 Fieri
472 760 504 789 in
520 760 639 790 civitate
654 759 789 790 facinora
804 759 945 800 capitalia
956 771 965 789 ε

202 801 257 832 Ab
272 802 370 833 amico
385 808 506 833 amante
518 808 678 843 argentum
691 803 823 843 accipere
834 803 977 833 meretrix
993 812 1054 833 non

330 846 397 876 vult
404 846 437 875 :'’

160 908 213 939 sed
222 915 258 940 ut
268 909 379 948 adsint,
393 915 585 951 cognoscant,
602 909 856 947 animadvertant,
874 910 949 950 quid
960 910 998 940 de
1008 920 1054 940 re-

159 952 284 993 ligione,
305 953 429 994 pietate,
451 953 619 990 sanctitate,
639 953 829 990 caerimoniis,
847 953 916 989 fide,
936 953 1055 992 jureju-

160 996 266 1032 rando,
286 996 361 1036 quid
382 996 419 1027 de
439 997 572 1037 templis,
596 996 741 1035 delubris,
763 996 975 1037 sacrificiisque
996 996 1055 1026 sol-

159 1038 311 1076 lennibus,
328 1039 404 1080 quid
418 1039 456 1070 de
470 1040 543 1080 ipsis
557 1039 709 1080 auspiciis,
731 1039 843 1080 quibus
865 1050 919 1070 nos
940 1050 1055 1080 praesu-

161 1091 242 1118 mus,
259 1082 497 1113 existimandum
513 1083 560 1113 sit.
594 1083 671 1113 Haec
692 1083 774 1113 enim
794 1083 898 1113 omnia
918 1082 958 1112 ad
976 1082 1055 1112 hanc

160 1124 199 1154 de
226 1125 294 1156 Diis
320 1125 544 1156 immortalibus
570 1125 768 1166 quaestionem
793 1125 949 1156 referenda
972 1131 1053 1155 sunt.

163 1168 302 1199 Profecto
317 1178 366 1198 eos
381 1168 471 1209 ipsos,
489 1169 543 1210 qui
562 1179 592 1199 se
613 1169 730 1209 aliquid
751 1169 823 1199 certi
843 1169 954 1199 habere
974 1168 1055 1198 arbi-

162 1216 293 1247 trantur,
318 1211 498 1242 addubitare
520 1218 605 1252 coget
628 1211 872 1243 doctissimorum
892 1211 1055 1242 hominum

161 1253 199 1284 de
214 1254 352 1285 maxima
366 1265 398 1285 re
412 1260 497 1285 tanta
507 1255 661 1285 dissensio.

206 1297 300 1335 Quod
315 1308 387 1328 cum
403 1309 480 1339 saepe
501 1298 585 1336 alias,
603 1304 670 1328 tum
685 1298 820 1329 maxime
841 1297 1053 1333 animadverti,

161 1350 243 1377 cum,
265 1340 348 1381 apud
364 1340 399 1371 C.
417 1341 552 1378 Cottam,
574 1341 757 1372 familiarem
778 1351 895 1378 meum,
917 1347 1055 1371 accurate

161 1393 232 1413 sane
254 1389 283 1413 et
303 1383 475 1424 diligenter,
492 1384 529 1415 de
541 1384 610 1415 Diis
625 1384 849 1415 immortalibus
864 1384 1054 1425 disputatum

162 1426 209 1456 sit.
234 1426 331 1464 Nam,
348 1437 431 1466 cum,
447 1427 529 1458 feriis
545 1427 676 1465 Latinis,
693 1427 731 1458 ad
743 1438 825 1463 eum,
842 1428 937 1468 ipsius
948 1433 1054 1467 rogatu

162 1469 376 1511 arcessituque,
393 1471 553 1507 venissem,
570 1470 683 1501 offendi
697 1481 768 1501 eum
785 1471 939 1501 sedentem
954 1470 986 1499 in
1003 1480 1055 1500 ex-

162 1511 267 1550 hedra,
285 1519 314 1543 et
329 1523 400 1544 cum
417 1513 452 1544 C.
470 1514 589 1544 Velleio
609 1520 745 1544 senatore
765 1514 992 1555 disputantem:
1017 1512 1057 1543 ad

162 1565 254 1595 quem
270 1561 338 1586 tum
353 1556 498 1597 Epicurei
513 1557 627 1597 primas
642 1567 680 1587 ex
696 1557 804 1587 nostris
815 1556 991 1586 hominibus
1003 1555 1056 1586 de-

162 1598 308 1628 ferebant.
332 1599 451 1630 Aderat
466 1600 557 1630 etiam
574 1600 615 1637 Q.
628 1600 767 1630 Lucilius
778 1600 908 1636 Balbus,
922 1599 975 1640 qui
988 1605 1055 1630 tan-

163 1646 208 1671 tos
223 1651 397 1682 progressus
411 1642 542 1674 habebat
556 1644 589 1673 in
605 1643 724 1681 Stoicis,
741 1648 776 1673 ut
790 1653 861 1674 cum
882 1642 1056 1674 excellenti-

162 1684 220 1714 bus
235 1684 267 1714 in
283 1695 318 1715 eo
332 1695 441 1726 genere
457 1685 572 1717 Graecis
586 1691 821 1727 compararetur.
845 1685 943 1723 Tum,
960 1691 995 1715 ut
1006 1695 1056 1715 me

163 1726 254 1758 Cotta
265 1727 352 1767 vidit,
367 1728 607 1770 Peropportune,
619 1729 732 1774 inquit,
745 1730 828 1760 venis
837 1741 846 1759 ε
866 1728 962 1760 oritur
973 1728 1054 1761 enim
