1226 1935
237 112 300 141 260
371 110 494 143 TUSC.
511 110 683 149 QUAEST.
701 111 780 142 Lm.
798 112 838 142 V.
858 112 940 143 CAP.
958 113 988 143 9.

226 196 345 227 valeat:
368 207 440 228 curn
455 207 524 228 vero
545 197 602 228 t1ia
617 208 727 238 genera
745 198 896 228 malorum
914 208 976 228 esse
991 197 1112 235 dicant;

226 239 281 280 qui
307 240 438 271 duorum
462 251 607 281 generum
631 241 719 271 malis
739 241 880 272 omnibus
901 247 1054 282 urgeatur,
1077 247 1113 272 ut

226 283 330 313 omnia
351 283 474 314 adversa
494 284 553 314 sint
575 284 607 314 in
622 284 754 322 fortuna,
771 284 912 315 omnibus
934 295 1111 325 oppressum

226 335 334 366 corpus
356 333 385 357 et
408 327 577 357 confectum
603 327 766 365 doloribus,
790 327 861 358 huic
884 328 1051 368 paulumne
1073 327 1112 357 ad

226 370 346 399 beatam
362 370 454 400 vitan]
471 370 571 400 deesse
586 370 731 407 dicemus,
742 381 802 400 non
819 371 909 401 modo
924 370 963 400 ad
978 370 1111 401 beatissi-

226 421 310 442 mam
322 414 336 442 Ρ
360 413 430 444 Hoc
450 414 527 443 illud
548 419 601 452 est,
619 413 700 454 quod
716 414 944 454 Theophrastus
967 414 1112 444 sustinere

226 464 286 485 non
302 456 410 495 potuit.
435 457 530 493 Nam,
544 467 614 487 cum
631 456 791 491 statuisset,
805 458 936 493 verbera,
950 462 1110 495 tormenta,

225 499 385 536 cruciatus,
402 500 507 539 patriae
522 500 698 536 eversiones,
715 499 829 537 exsilia,
851 500 1002 537 orbitates,
1024 510 1110 540 mag-

224 550 297 570 nam
313 541 375 571 vim
391 542 501 572 habere
515 542 553 572 ad
568 542 648 572 male
662 542 830 583 misereque
845 542 1028 579 vivendum3
1050 552 1111 572 non

224 589 268 614 est
280 595 370 615 ausus
385 585 461 615 elate
477 591 505 615 et
520 586 622 626 ample
636 585 732 626 loqui,
747 595 819 615 cum
833 585 989 615 humiliter
1000 586 1110 616 demis-

223 637 315 667 seque
328 627 459 658 sentiret.

268 670 329 700 IX.
354 670 458 708 Quam
473 672 561 708 bene,
583 681 643 701 non
665 671 828 712 quaeritur:
853 676 1022 701 constanter
1041 671 1110 712 qui-

222 712 293 742 dem
309 719 395 744 certe.
422 714 529 754 Itaque
541 715 617 744 mihi
631 715 748 755 placere
758 724 818 744 non
831 715 916 752 solet,
927 725 1111 755 consequen-

222 756 265 785 tia
277 757 503 796 reprehendere,
517 768 587 787 cum
599 757 699 798 prima
714 757 899 788 concesseris.
924 757 985 788 Hic
994 763 1108 794 autern,

223 799 463 838 elegantissimus
481 801 620 831 omnium
637 800 886 841 philosophorum
902 806 931 831 et
946 800 1110 830 eruditissi-

222 851 303 878 mus,
320 853 380 872 non
393 853 575 884 magnopere
589 844 827 884 reprehenditur,
844 854 913 873 cum
930 844 987 874 tria
1001 854 1111 884 genera

221 884 295 915 dicit
310 887 458 916 bonorum
471 898 478 916 ε
504 893 630 917 vexatur
644 893 745 917 autem
758 888 795 917 ab
808 887 959 924 omnibus,
973 887 1109 927 primum

220 927 252 957 in
269 938 303 958 eo
318 929 406 965 libro,
427 940 519 970 quem
535 930 651 970 scripsit
674 933 696 948 “
713 930 750 960 de
765 930 839 960 Vita
855 930 977 966 beat51,''
998 930 1029 960 in
1046 941 1108 971 quo

222 971 321 1001 multa
341 972 486 1012 disputat,
502 975 700 1014 quamobrem
721 974 757 1011 is,
779 973 832 1014 qui
853 979 1038 1014 torqueatur,
1056 974 1110 1014 qui

219 1015 378 1051 crucietur,
396 1017 501 1046 beatus
517 1027 579 1046 esse
599 1026 659 1046 non
675 1017 776 1057 possit.
802 1016 841 1045 In
861 1026 895 1046 eo
911 1016 1002 1046 etiam
1017 1023 1107 1057 puta-

221 1062 271 1086 tur
295 1058 401 1094 dicere,
427 1059 458 1088 in
483 1065 579 1089 rotam
597 1061 716 1089 beatam
740 1060 833 1089 vitam
856 1069 916 1089 non
938 1059 1103 1089 escendere.

221 1099 295 1130 Non
319 1112 449 1141 usquam
473 1102 505 1132 id
529 1102 653 1143 quidem
679 1103 751 1133 dicit
776 1102 922 1132 omnino:
947 1102 1009 1140 sed,
1037 1114 1106 1143 quae

219 1142 303 1181 dicit,
320 1144 400 1174 iden]
417 1145 525 1175 valent.
562 1145 690 1176 Possum
712 1146 814 1186 igitur,
831 1145 880 1175 cui
901 1146 1105 1183 concesserim,

218 1185 249 1214 in
276 1187 365 1217 malis
388 1198 450 1218 esse
474 1188 589 1218 dolores
613 1189 754 1229 corporis,
779 1189 811 1218 in
835 1188 923 1218 malis
946 1188 1105 1229 naufragia

218 1229 359 1267 fortunae,
383 1231 454 1261 huic
474 1241 644 1262 succensere
664 1232 786 1269 dicenti,
807 1241 867 1261 non
888 1241 992 1262 omnes
1012 1233 1106 1262 bonos

218 1281 280 1302 esse
295 1274 408 1309 beatos,
425 1284 495 1304 cum
510 1274 541 1304 in
558 1285 661 1305 omnes
677 1277 771 1305 bonos
786 1285 831 1311 ea,
845 1285 913 1315 quae
928 1275 978 1305 ille
993 1275 1025 1304 in
1041 1285 1106 1304 ma-v

216 1314 254 1344 lis
277 1322 428 1353 numerat,
451 1317 555 1347 cadere
574 1318 714 1358 possint?
739 1318 769 1347 V
772 1324 878 1348 exatur
898 1317 979 1347 idem
1000 1318 1104 1348 Theo-

216 1357 356 1397 phrastus
372 1366 401 1389 et
416 1360 499 1390 libris
515 1366 543 1390 et
558 1361 666 1391 scholis
682 1361 819 1391 omnium
840 1361 1102 1401 philosophorum,

215 1401 309 1441 quod,
326 1402 357 1431 in
374 1403 559 1434 Callisthene
574 1414 639 1442 suo,
650 1404 782 1434 laudarit
796 1404 881 1434 illam
897 1404 1088 1442 sententiam,

261 1462 283 1478 “
300 1460 406 1491 Vitam
422 1462 498 1503 regit
514 1463 646 1500 fortuna,
663 1473 724 1494 non
740 1463 918 1505 sapientia.”

217 1531 343 1571 Negant
364 1534 402 1562 ab
429 1533 492 1562 ullo
517 1533 696 1574 philosopho
717 1534 885 1575 quidquam
906 1535 1022 1566 dictum
1041 1545 1103 1566 esse

215 1574 400 1614 languidius.
437 1576 531 1606 Recte
558 1576 588 1606 id
615 1577 761 1618 quidem:
791 1578 841 1607 sed
867 1578 943 1608 nihil
969 1578 1105 1618 intelligo

214 1617 273 1647 dici
288 1618 419 1658 potuisse
434 1620 627 1649 constantius.
652 1620 685 1651 Si
701 1621 781 1650 enim
798 1627 841 1650 tot
853 1627 923 1651 sunt
938 1622 968 1651 in
981 1632 1103 1662 corpore

214 1661 305 1697 bona,
322 1667 366 1691 tot
382 1667 466 1691 extra
477 1672 584 1702 corpus
595 1663 626 1692 in
646 1674 714 1693 casu
728 1670 818 1704 atque
833 1664 955 1694 fortuna
968 1676 977 1700 ;
1002 1674 1102 1694 nonne

212 1710 446 1734 consentaneum
468 1711 522 1741 est,
545 1706 613 1746 plus
634 1705 799 1743 fortunam,
822 1718 890 1747 quae
910 1707 1034 1737 domina
1054 1718 1099 1738 re-

210 1756 278 1775 rum
301 1747 339 1776 sit
363 1753 391 1777 et
412 1753 604 1778 externarum
629 1755 659 1779 et
679 1749 717 1780 ad
739 1760 846 1791 corpus
867 1751 1097 1791 pertinentium,

213 1799 306 1829 quam
326 1790 496 1827 consilium,
514 1792 635 1822 valere?

1212 1476 1221 1935 F---—.-—.-——-—--4—--*-
