1180 1935
192 41 254 72 DE
277 41 385 72 NAT.
402 41 539 73 DEOR.
557 41 636 72 Lux.
654 42 700 73 11.
717 42 800 73 CAP.
815 41 866 72 54.
911 39 974 76 387

83 127 292 167 praetereunda
306 133 398 164 sunt;
424 133 454 158 et
474 133 575 158 tamen
590 128 689 158 multa
703 127 855 158 dicuntur.
887 125 976 156 Enu-

82 169 192 200 merari
208 171 289 200 enim
310 180 370 201 non
391 177 518 212 possunt
532 171 698 201 fluminum
713 169 973 211 opportunitates3

79 218 168 243 aestus
193 213 350 251 maritimi,
383 220 451 244 tum
471 213 655 252 accedentes,
688 220 755 243 tum
777 213 971 248 recedentes3

82 262 200 286 montes
215 257 324 293 vestiti,
348 263 439 298 atque
460 257 627 293 silvestres;
652 256 755 287 salinae
776 257 814 286 ab
835 256 888 286 ora
907 265 974 285 ma-

80 297 182 328 ritima
211 299 438 335 remotissimae3
472 299 762 330 medicamentorum
793 298 972 328 salutarium

81 341 264 381 plenissimae
285 349 389 373 terrae:
415 349 492 372 aroes
513 342 643 383 denique
663 341 910 379 innumerabiles,
935 340 974 370 ad

81 383 195 414 victum
212 391 241 415 et
255 385 293 415 ad
315 385 408 416 vitam
429 385 610 416 necessariae.
642 385 717 415 Jam
738 384 797 415 diei
818 384 974 423 noctisque

81 426 253 458 vicissitudo
265 435 419 459 conservat
431 429 611 467 animantes,
624 428 759 458 tribuens
768 427 852 457 aliud
864 425 973 467 agendi

81 474 212 510 ternpus,
236 471 320 501 aliud
336 471 518 512 quiescendi.
543 471 592 502 Sic
608 471 744 512 undique
759 469 843 500 omni
858 469 974 499 ratione

80 513 280 552 concluditur,
303 521 405 545 mente
420 514 604 555 consilioque
624 514 727 544 divino
742 513 847 544 omnia
864 512 896 542 in
917 511 974 542 hoc

79 556 196 586 mundo
216 556 255 587 ad
275 557 405 588 salutem
425 557 566 588 omnium
581 556 900 597 conservationemque
919 554 974 584 ad-

78 598 256 630 mirabiliter
270 600 483 631 administrari.

122 642 176 672 Sin
198 649 312 684 quaeret
332 643 497 684 quispiam,
521 643 681 682 cujusnam
705 642 796 673 causa
817 648 972 671 tantarum

79 694 181 715 rerum
208 686 324 716 molitio
345 686 424 716 faeta
445 687 503 722 sit;
527 688 710 717 arborumne
732 692 761 715 et
781 685 944 715 herbarum
956 685 970 714 ?

78 738 158 768 quae,
182 739 373 769 quamquam
397 729 461 760 sine
481 739 569 760 sensu
595 736 677 767 sunt,
702 735 804 759 tamen
825 738 843 758 a
863 727 973 757 natura

78 771 273 802 sustinentur.
291 772 337 802 At
348 772 380 801 id
395 772 520 813 quidem
535 772 702 802 absurdum
719 778 771 802 est.
796 771 850 801 An
861 770 972 801 bestia-

77 816 172 845 rum?
197 814 305 845 Nihilo
328 815 527 856 probabilius,
551 815 645 854 Deos,
669 821 827 845 mutarum
848 819 878 844 et
892 813 972 843 nihil

76 856 313 898 intelligentium
344 859 445 896 causa,
477 865 599 889 tantum
627 858 788 889 laborasse.
828 856 972 895 Quorum

76 899 169 940 igitur
189 901 290 937 causa,
315 901 384 942 quis
405 901 516 931 dixerit
539 901 679 931 effectum
704 911 767 931 esse
790 899 971 930 mundum?

76 942 195 973 Eorum
221 944 333 974 scilicet
356 944 571 981 animantium,
596 955 665 986 quae
690 944 806 974 ratione
830 949 970 973 utuntur.

77 985 123 1016 Hi
145 992 216 1017 sunt
235 987 291 1017 Dii
311 994 340 1018 et
360 987 509 1025 homines,
533 987 645 1028 quibus
669 987 802 1028 profecto
826 986 904 1016 nihil
928 990 973 1019 est

75 1028 204 1060 melius:
229 1030 305 1061 ratio
326 1036 370 1060 est
390 1031 484 1068 enim,
508 1041 577 1071 quae
598 1036 720 1071 praestat
735 1029 887 1060 omnibus.
922 1028 972 1058 Ita

76 1072 110 1102 fit
133 1072 286 1111 credibile,
324 1073 463 1104 Deorum
487 1080 517 1104 et
539 1074 702 1104 hominum
726 1073 828 1112 causa,
853 1072 970 1102 factum

75 1125 138 1146 esse
153 1116 317 1153 mundum,
334 1127 464 1158 quaeque
478 1117 510 1147 in
526 1127 560 1147 eo
575 1117 646 1154 sint,
663 1116 775 1147 omnia.

118 1158 209 1189 LIV.
233 1159 426 1201 Faciliusque
440 1160 637 1200 intelligetur,
662 1170 680 1189 a
700 1159 770 1189 Diis
788 1157 969 1189 immortali-

73 1201 131 1231 bus
151 1201 327 1233 horninibus
347 1213 409 1233 esse
430 1203 598 1244 provisum,
623 1203 647 1233 si
671 1202 727 1233 erit
749 1208 813 1232 tota
837 1201 970 1232 hominis

73 1243 229 1275 fabricatio
241 1253 405 1287 perspecta,
418 1246 578 1287 omnisque
589 1246 732 1276 humanae
742 1251 859 1275 naturae
870 1244 969 1284 figura

73 1293 166 1328 atque
180 1289 331 1328 perfectio.
356 1290 452 1327 Nam,
469 1300 540 1319 cum
556 1289 651 1319 tribus
663 1290 752 1319 rebus
764 1287 968 1318 animantium

74 1331 135 1360 vita
150 1337 297 1370 teneatur,
315 1332 392 1371 cibo,
410 1332 544 1373 potione,
567 1332 694 1372 spiritu3
719 1331 757 1362 ad
780 1331 845 1361 haee
865 1330 970 1360 omnia

72 1373 276 1414 percipienda,
293 1385 325 1406 os
341 1382 384 1405 est
399 1375 612 1416 aptissimum;
637 1375 730 1416 quod,
748 1373 898 1413 adjunctis
913 1383 967 1403 na-

73 1416 169 1453 ribus,
193 1417 299 1457 spiritu
315 1425 452 1458 augetur.
485 1418 638 1448 Dentibus
654 1425 755 1448 autem
772 1417 804 1446 ‘m
825 1427 875 1447 ore
896 1426 967 1446 con-

73 1459 191 1490 structis
204 1461 368 1498 manditur,
383 1467 474 1502 atque
486 1462 523 1491 ab
536 1461 582 1491 his
595 1468 776 1491 extenuatur
788 1466 817 1489 et
829 1459 966 1497 molitur,

74 1502 167 1533 cibus.
201 1502 318 1534 Eorum
342 1505 458 1534 adversi
479 1505 559 1535 acuti
579 1514 682 1534 morsu
703 1503 843 1534 dividunt
865 1512 964 1539 escas3

73 1545 174 1575 intimi
189 1553 291 1576 autem
307 1547 480 1585 conficiunt,
505 1548 559 1588 qui
574 1547 699 1588 genuini
715 1553 878 1581 vocantu13
896 1556 966 1586 quae

72 1588 216 1619 confectio
231 1589 322 1620 etiam
338 1601 356 1620 a
370 1590 477 1631 lingua
492 1590 630 1630 adjuvari
645 1590 772 1620 videtur.
806 1588 963 1629 Linguam

71 1638 186 1670 autem,
208 1632 248 1662 ad
268 1633 381 1663 radices
402 1634 466 1672 ejus
487 1633 616 1671 haerens,
639 1633 751 1673 excipit
767 1631 961 1668 stomachus;

70 1684 133 1714 quo
155 1675 292 1715 primum
312 1676 481 1706 illabuntur
501 1687 546 1715 ea,
569 1687 638 1717 quae
652 1681 774 1717 accepta
789 1680 878 1705 sunt:
903 1674 963 1711 oris

70 1717 200 1759 utraque
215 1729 252 1749 ex
273 1725 358 1760 parte
372 1719 507 1750 tonsillas
522 1720 685 1760 attingens,
709 1719 812 1759 palato
826 1723 962 1749 extremo
