1180 1935
154 65 215 96 402
260 64 320 96 DE
343 64 450 97 NAT.
467 63 603 97 DEOR.
621 65 699 97 Lm.
711 65 777 97 111.
793 65 876 98 (ΖΑΓ.
892 65 923 97 3.

153 149 249 181 divisa
263 151 320 188 sit3
344 151 466 183 tertium
490 151 668 191 adjunctum
690 152 739 191 sit,
763 151 787 182 si
807 151 893 192 quid,
909 151 1034 192 praedic-

154 193 243 224 tionis
257 194 357 231 causa,
374 205 411 224 ex
426 195 569 235 portentis
585 200 613 224 et
633 195 783 232 monstriS,
801 195 925 234 Sibyllae
943 195 1034 225 inter-

153 242 251 276 pretes
264 237 471 278 haruspicesve
490 244 692 274 monueruntg
716 238 825 267 harum
846 247 901 277 ego
915 237 1034 277 religio-

153 288 229 309 num
244 280 361 310 nullam
377 290 513 321 unquam
528 281 776 310 contemnendam
796 280 919 320 putavi:
944 280 1034 310 mihi-

153 331 213 362 que
227 322 269 352 ita
283 323 426 362 persuasi,
445 323 614 352 Romulum
629 324 779 363 auspiciis,
793 324 931 352 Numam
946 322 1035 353 sacris

154 364 333 403 constitutis,
350 365 548 395 fundamenta
560 366 664 404 jecisse
679 372 786 396 nostrae
801 365 941 395 civitatis:
966 376 1036 406 quae

154 415 312 448 nunquam
334 408 476 448 profecto,
498 407 560 437 sine
580 407 699 437 summa
718 408 885 449 placatione
899 407 1035 437 Deorum

154 449 384 487 immortalium,
411 456 495 480 tanta
517 461 579 480 esse
601 451 754 491 potuisset.
787 451 902 487 Habes,
925 450 1033 487 Balbe,

154 491 229 532 quid
250 492 349 530 Cotta,
372 493 445 534 quid
467 493 614 533 pontifex,
635 494 751 523 sentiat.
795 494 856 523 Fac
876 503 957 523 nunc
980 503 1036 532 ego

153 533 333 575 intelligam,
356 541 389 565 tu
413 536 486 576 quid
507 536 624 566 sentias.
658 537 690 566 A
711 542 740 567 te
758 536 839 566 enim
857 535 1036 575 philosopho

153 577 300 608 rationem
316 578 446 619 accipere
461 578 554 609 debeo
565 579 715 619 religionis
726 590 736 614 ς
759 578 923 617 majoribus
934 584 1036 608 autem

155 620 274 657 nostris,
291 620 382 650 etiam
397 621 483 651 nulla
498 621 611 651 ratione
626 622 752 658 reddita,
769 621 894 652 eredere.

200 662 264 692 III.
288 663 373 693 Tum
389 664 516 701 Balbus,
534 665 637 701 Quam
659 664 751 704 igitur
771 675 789 694 a
808 674 857 694 me
877 663 1035 702 rationem,

154 705 266 745 inquit,
283 706 384 743 Cotta,
400 706 572 737 desideras?
601 707 643 736 Et
657 707 719 744 ille,
737 706 974 747 Quadripertita,
990 707 1038 736 in-

154 748 232 788 quit,
246 748 304 778 fuit
316 748 421 779 divisio
436 755 504 779 tua:
528 749 673 790 primum,
686 756 720 779 ut
732 750 821 779 velles
831 749 945 785 docere,
956 749 1038 779 Deos

156 801 239 826 esse3
263 791 381 829 deinde,
403 793 506 832 quales
527 798 643 827 essent;
667 798 745 829 tum,
762 794 799 822 ab
819 792 866 822 his
886 792 1037 821 mundum

154 834 239 874 regi3
263 840 424 874 postremo,
441 836 593 865 consulere
608 846 657 865 eos
672 837 759 865 rebus
774 835 924 865 humanis.
949 835 1035 872 Haec,

156 876 182 906 si
207 882 284 906 recte
309 877 446 915 memini,
471 878 591 918 partitio
617 878 684 914 fuit.
719 878 907 916 Rectissime,
937 878 1037 918 inquit

158 919 294 950 Balbus:
319 920 370 949 sed
386 927 533 960 exspecto,
550 920 624 961 quid
639 921 780 961 requiras.

200 960 287 992 Tum
308 963 407 1000 Cotta,
425 964 564 993 Primum
590 963 724 1004 quidque
746 963 912 999 videamus,
928 963 1038 1003 inquit.

157 1004 201 1035 Et
216 1005 240 1035 si
255 1005 286 1034 id
301 1011 345 1035 est
359 1006 504 1045 primum,
522 1006 617 1047 (quod
631 1006 708 1036 inter
726 1016 839 1043 omnes,
856 1006 913 1036 nisi
933 1006 1038 1036 admo-

157 1048 233 1078 dum
247 1048 366 1088 impios,
385 1049 533 1086 convenit,
549 1049 625 1078 mihi
641 1049 763 1089 quidem
779 1060 816 1078 ex
836 1049 937 1079 animo
953 1049 1039 1078 exuri

156 1100 218 1121 non
238 1096 347 1131 potest)
363 1102 424 1122 esse
439 1091 540 1127 Deos;
564 1091 595 1121 id
610 1098 710 1122 tamen
730 1092 843 1132 ipsum,
860 1091 942 1131 quod
963 1091 1039 1121 mihi

155 1144 333 1174 persuasum
349 1136 391 1164 est
406 1134 580 1164 auctoritate
595 1135 757 1173 majorum,
774 1145 826 1164 cur
841 1134 883 1163 ita
898 1134 946 1170 sit,
963 1133 1040 1164 nihil

155 1182 190 1206 tu
205 1186 255 1207 me
270 1176 364 1206 doces.
389 1176 474 1214 Quid
490 1183 544 1214 est,
557 1177 656 1217 inquit
667 1178 795 1213 Balbus,
809 1177 833 1206 si
848 1177 902 1206 tibi
916 1186 1038 1216 persua-

155 1229 225 1249 sum
240 1225 294 1257 est,
311 1229 364 1249 cur
379 1230 396 1249 a
416 1230 466 1249 me
484 1220 557 1250 velis
576 1220 713 1250 discere?
737 1220 822 1249 Tum
839 1219 939 1257 Cotta,
955 1219 1040 1256 Quia

155 1262 197 1292 sic
216 1262 383 1302 aggredior,
404 1262 514 1303 inquit,
535 1262 573 1292 ad
593 1263 671 1293 hanc
692 1262 936 1302 disputationem,
952 1262 1039 1302 quasi

155 1304 232 1334 nihil
247 1314 383 1345 unquam
404 1305 551 1335 audierim
566 1305 603 1335 de
623 1306 692 1335 Diis
711 1305 943 1343 immortalibus,
962 1304 1039 1335 nihil

155 1347 368 1387 cogitaverim3
392 1348 499 1378 rudem
514 1359 564 1378 me
579 1348 761 1389 discipulum
777 1353 806 1378 et
823 1348 975 1388 integrum
990 1357 1039 1378 ac-

154 1390 236 1431 cipe;
261 1396 290 1420 et
305 1401 350 1429 ea,
366 1401 435 1431 quae
449 1391 579 1431 requiro,
596 1391 677 1421 doce.

197 1433 259 1463 Dic
273 1433 375 1473 igitur,
390 1433 465 1474 quid
481 1434 623 1474 requiras.
647 1434 776 1474 Egone?
798 1433 933 1474 primum
948 1433 1037 1469 illud,

155 1486 220 1512 cur,
243 1476 325 1515 quod
343 1486 380 1506 ne
403 1486 487 1516 egere
506 1477 630 1516 quidem
650 1477 782 1507 oratione
805 1476 939 1513 dixisses,
956 1476 1038 1516 quod

154 1524 230 1548 esset
244 1519 447 1559 perspicuum,
461 1525 490 1549 et
505 1519 581 1549 inter
596 1529 700 1549 omnes
710 1525 866 1556 constaret,
880 1519 917 1549 de
929 1529 962 1548 eo
973 1519 1038 1559 ipso

154 1567 218 1591 tam
233 1562 332 1591 multa
346 1561 465 1592 dixeris.
489 1562 572 1599 Quia
588 1568 615 1592 te
627 1573 759 1602 quoque,
775 1562 885 1602 inquit,
902 1561 1039 1592 animad-

154 1603 241 1639 verti,
258 1604 358 1641 Cotta,
376 1615 464 1645 saepe,
481 1615 551 1635 cum
566 1605 597 1634 in
613 1605 677 1635 foro
695 1605 816 1641 diceres,
834 1614 926 1644 quam
943 1604 1038 1644 pluri-

153 1647 211 1677 mis
226 1657 336 1686 posses,
349 1647 534 1687 argumentis
543 1657 664 1677 onerare
676 1647 822 1686 judicem,
833 1647 857 1677 si
868 1647 959 1677 modo
971 1657 1038 1677 eam

152 1689 326 1720 facultatem
343 1690 397 1720 tibi
412 1690 496 1720 daret
507 1701 604 1720 causa.
638 1691 744 1731 Atque
758 1690 814 1720 hoc
829 1690 909 1719 idem
926 1695 954 1719 et
969 1689 1037 1730 phi-

150 1732 268 1774 losophi
280 1732 405 1771 faciunt,
418 1739 448 1764 et
460 1743 526 1775 cg0,
539 1740 572 1764 ut
588 1733 684 1776 potui,
701 1732 765 1765 feci.
790 1732 841 1764 Tu
857 1738 971 1769 autem,
983 1732 1036 1773 qui
