1226 1935
213 100 253 130 18
334 97 395 129 DE
418 98 616 139 FINIBUS,
640 99 720 130 11113.
738 99 804 130 111.
828 99 912 130 Cn.
928 99 976 130 14.

212 183 322 225 patria,
339 195 432 225 quam
445 185 498 225 qui
512 185 622 216 leviore
637 185 675 215 de
689 185 798 221 causan
824 185 925 227 opinio
940 184 1022 222 facit,
1040 194 1099 215 non

213 233 332 263 natura,
350 227 411 257 vim
428 227 538 258 doloris
553 234 605 258 aut
620 229 767 267 majorem
783 235 835 258 aut
850 228 1009 258 minorem.

258 270 308 300 Ne
328 270 404 299 illud
425 270 548 310 quidem
571 277 613 301 est
635 277 879 307 consentaneum,
902 278 947 307 ut,
970 270 1005 307 si,
1030 280 1100 300 cum

213 312 271 343 tria
292 323 401 352 genera
419 314 567 343 bonorum
584 314 643 344 sint
658 316 740 354 (quae
756 314 902 343 sententia
918 320 961 343 est
978 313 1101 353 Peripa-

213 355 397 393 teticorum),
421 366 455 385 eo
476 356 590 386 beatior
611 356 739 397 quisque
760 357 808 392 sit,
830 366 891 396 quo
913 356 950 385 sit
971 355 1101 395 corporis

212 404 267 427 aut
288 398 416 427 externis
438 399 523 428 bonis
544 399 679 439 plenior;
706 406 740 428 ut
760 399 816 429 hoc
831 399 912 428 idem
933 399 1103 438 approban-

213 440 288 470 dum
312 441 349 470 sit
369 441 465 479 nobis,
488 447 522 471 ut
538 442 590 482 qui
606 442 694 482 plura
708 442 828 477 habeat,
855 452 923 482 quae
938 441 969 470 in
983 450 1104 480 corpore

214 484 318 523 magni
345 483 543 521 aestimantur,
569 484 606 514 sit
630 485 753 514 beatior.
792 484 844 515 lui
868 483 949 513 enim
974 483 1104 522 corporis

213 526 380 556 commodis
392 527 535 566 compleri
547 527 640 557 vitam
653 528 772 556 beatam
785 532 909 566 putant:
924 526 1017 555 nostri
1029 525 1106 554 nihil

214 569 326 599 minus.
362 569 458 606 Nam,
482 580 552 599 cum
576 569 618 599 ita
640 570 766 610 placeat,
792 579 829 599 ne
854 578 958 598 eorum
981 567 1105 608 quidem

215 612 377 649 bonorum,
401 622 470 652 quae
497 622 550 642 nos
576 613 657 641 bona
682 618 799 641 naturae
824 611 1024 651 appellemus,
1047 610 1108 640 fre-

215 654 341 694 quentia
363 654 527 684 beatiorem
551 654 645 684 vitam
668 654 742 691 fieri,
768 660 821 684 aut
844 653 941 693 magis
965 658 1107 693 expeten-

215 697 300 733 dam,
324 703 377 726 aut
397 696 493 737 pluris
509 696 739 732 aestimandam;
764 702 842 726 certe
857 696 958 726 minus
978 696 1016 725 ad
1037 697 1108 725 bea-

215 745 280 769 tam
296 739 390 769 vitam
405 739 534 780 pertinet
549 739 714 769 multitudo
726 739 856 779 corporis
868 738 1106 768 commodorum.

261 782 396 820 Etenim,
421 782 445 811 si
467 788 496 812 et
516 793 618 822 sapere
641 782 845 822 expetendum
866 782 915 819 sit,
939 788 968 811 et
988 781 1105 816 valere;

216 825 413 863 conjunctum
429 830 595 865 utrumque
610 825 706 865 magis
722 824 926 865 expetendum
942 824 991 861 sit,
1014 834 1107 865 quam

216 878 321 907 sapere
341 868 460 903 solum;
485 877 583 908 neque
604 873 716 903 tamen,
741 868 765 897 si
786 874 951 907 utrumque
972 867 1009 896 sit
1030 867 1108 896 aesti-

217 910 350 940 matione
365 910 505 950 dignum,
523 911 618 951 pluris
634 910 658 939 si
673 911 881 949 conjunctum,
899 919 992 950 quam
1006 920 1109 949 sapere

217 953 319 993 ipsum
345 959 526 993 separatum.
562 954 646 983 Nam
673 953 726 993 qui
750 953 954 983 valetudinem
979 952 1108 982 aestima-

218 996 299 1025 tione
314 995 418 1036 aliqua
429 996 554 1035 dignam
565 996 749 1034 judicamus,
767 1006 865 1036 neque
881 1002 982 1025 tamen
995 1005 1061 1025 eam
1076 995 1109 1024 in

218 1038 305 1069 bonis
326 1039 478 1078 ponimus,
496 1038 588 1070 iidem
604 1049 759 1069 censemus
775 1039 893 1068 nullam
913 1048 974 1068 esse
992 1043 1108 1067 tantam

217 1081 458 1118 aestimationem,
475 1087 510 1111 ut
525 1092 559 1111 ea
575 1081 678 1111 virtuti
694 1088 912 1122 anteponatur:
931 1080 1012 1121 quod
1027 1080 1109 1110 idem

220 1123 412 1164 Peripatetici
427 1134 487 1153 non
503 1130 625 1160 tenent;
650 1124 761 1165 quibus
783 1124 945 1155 dicendum
966 1130 1021 1159 est,
1041 1133 1110 1164 quae

218 1172 249 1197 et
269 1166 395 1197 honesta
415 1167 492 1198 actio
512 1167 560 1203 sit,
584 1174 613 1197 et
634 1167 696 1197 sine
714 1167 827 1204 dolore,
851 1177 917 1197 eam
935 1166 1032 1206 magis
1048 1176 1110 1196 esse

219 1209 431 1249 expetendam,
456 1220 549 1250 quam
565 1210 590 1240 si
605 1217 680 1240 esset
695 1210 799 1240 eadem
815 1210 892 1240 actio
912 1219 982 1239 eum
998 1209 1109 1238 dolore.

220 1252 319 1282 Nobis
335 1253 421 1282 aliter
433 1252 571 1289 videtur3
588 1259 666 1283 recte
682 1263 813 1289 secusne,
831 1258 942 1293 postea.
982 1251 1041 1282 Sed
1056 1262 1111 1292 po-

220 1301 315 1325 testne
331 1305 431 1325 rerum
447 1296 545 1334 major
561 1306 623 1325 esse
638 1296 806 1325 dissensio?

263 1338 357 1368 XIV.
382 1338 427 1367 Ut
447 1339 528 1367 enim
544 1340 719 1368 obscuratur
735 1345 763 1368 et
777 1338 946 1367 offunditur
961 1338 1027 1367 luce
1042 1337 1111 1366 solis

219 1380 325 1410 lumen
351 1381 501 1416 lucernae;
535 1389 563 1411 et
585 1388 620 1411 ut
648 1381 749 1411 interit
779 1380 990 1421 magnitudine
1020 1379 1110 1409 maris

221 1423 323 1463 AEgaei
339 1423 418 1452 stilla
439 1424 565 1459 muriae;
591 1430 619 1454 et
640 1430 673 1453 ut
690 1424 719 1453 in
736 1424 846 1453 divitiis
862 1423 966 1459 Croesi,
984 1422 1110 1452 teruncii

220 1465 367 1502 accessio3
392 1472 421 1495 et
435 1467 546 1506 gradus
562 1476 642 1497 unus
661 1467 692 1496 in
714 1467 749 1496 ea
765 1467 824 1501 via,
841 1477 910 1507 quae
931 1472 974 1495 est
994 1465 1064 1495 hinc
1079 1465 1110 1494 in

222 1509 365 1544 Indiam3
390 1509 442 1545 sic,
466 1520 536 1539 cum
552 1509 590 1539 sit
604 1510 629 1540 is
645 1511 794 1539 bonorum
810 1509 888 1545 finis,
909 1519 1000 1549 quem
1019 1508 1111 1538 stoici

222 1551 337 1588 dicunt,
361 1552 459 1581 omnis
487 1552 543 1582 ista
567 1563 667 1582 rerum
690 1553 721 1581 in
744 1562 865 1592 corpore
887 1552 1012 1581 sitarum
1034 1550 1111 1580 aesti-

221 1594 315 1624 matio
337 1594 493 1634 splendore
514 1595 632 1625 virtutis
650 1601 679 1625 et
700 1594 909 1634 magnitudine
924 1595 1109 1629 obscuretur,

223 1643 253 1667 et
268 1638 423 1673 obruatur,
439 1644 530 1678 atque
545 1638 682 1673 intereat,
700 1647 816 1668 necesse
831 1644 883 1666 est.
908 1636 950 1666 Et
966 1636 1112 1677 quemad-

223 1680 349 1709 modum
365 1680 571 1720 opportunitas
588 1681 642 1713 (sie
658 1681 739 1710 enim
760 1680 948 1720 appellemus
959 1685 1110 1718 erxaapaw)

222 1732 283 1753 non
308 1723 343 1754 fit
368 1724 464 1763 major
490 1723 685 1765 productione
712 1723 853 1764 temporis
879 1723 1005 1757 (habent
1031 1721 1111 1752 eniui
