1226 1935
206 89 268 119 228
333 88 456 120 TUsc.
473 88 645 127 QUAEs'r.
663 88 741 118 Lm.
759 88 817 119 lv.
836 90 918 119 cm».
939 89 984 118 13.

204 174 350 211 distortio,
377 174 559 206 deformitas.
599 175 708 215 Itaque
731 175 784 204 illa
809 174 881 211 duo,
906 175 1029 204 morbus
1059 180 1089 204 et

204 218 369 257 aegrotatio,
386 228 423 248 ex
438 219 529 248 totius
545 217 723 249 valetudinis
736 217 897 258 [corporis]
911 227 1089 257 conquassa-

204 261 285 291 tione
301 267 329 290 et
344 262 567 301 perturbatione
582 261 768 301 gignuntur:
793 261 900 290 vitium
916 266 1029 297 autem,
1043 260 1089 289 in-

204 304 289 344 tegra
305 304 487 341 valetudine,
508 305 609 345 ipsum
625 314 662 333 ex
683 313 713 333 se
728 303 867 333 cernitur.
891 303 962 339 Sed,
978 303 1009 332 in
1024 303 1089 332 ani-

204 356 267 381 mo,
285 347 495 376 tantummodo
516 346 694 387 cogitatione
715 357 874 387 possumus
890 347 1030 376 morbum
1051 347 1090 375 ab

205 389 398 429 aegrotatione
413 391 577 430 sejungere.
611 390 767 420 vitiositas
784 395 885 419 autem
907 395 950 419 est
969 388 1090 418 habitus

204 438 258 462 aut
272 432 388 462 affectio
403 433 434 462 in
455 434 518 463 tota
541 433 602 462 vita
624 433 805 468 inconstans,
828 438 857 462 et
872 443 889 462 a
905 443 934 462 sc
950 432 1015 471 ipsa
1030 431 1090 461 dis-

204 475 343 505 sentiens.
369 476 417 505 Ita
435 475 477 511 fit,
494 482 538 512 ut,
552 476 583 505 in
596 476 700 512 alter-21,
713 475 902 515 corruptione
913 475 1090 515 opinionum

204 519 329 548 morbus
345 518 489 549 efficiatur
512 525 540 549 et
556 519 708 558 aegrotatio
722 529 731 553 ς
755 518 785 547 in
801 518 905 553 altera,
921 518 1087 547 inconstan-

205 561 248 590 tia
268 567 297 590 et
319 562 528 601 repugnantia.
562 562 634 591 Non
655 561 736 591 enim
754 571 844 590 omne
864 560 972 590 vitium
993 566 1092 600 partes

205 603 297 633 habet
319 604 546 640 dissentientem
571 610 606 634 ut
628 614 743 641 eorum,
760 603 814 644 qui
828 613 889 632 non
903 603 992 643 longe
1008 614 1025 632 a
1045 614 1091 633 sa-

205 647 320 686 pientia
336 649 456 685 absunt,
474 647 589 678 affectio
600 654 643 677 est
658 647 710 677 illa
720 647 843 687 quidem
856 646 1025 686 discrepans
1035 647 1091 676 sibi

206 689 283 729 ipsa,
300 689 375 719 dum
391 696 434 720 est
449 691 602 731 insipiens,
620 690 671 720 sed
686 700 746 720 non
762 689 897 726 distorta,
914 699 968 719 nec
988 699 1089 729 prava.

207 731 313 762 Morbi
329 740 431 763 autem
444 739 473 763 et
485 733 690 773 aegrotationes
702 738 800 773 partes
816 738 885 762 sunt
901 732 1067 762 vitiositatis
1082 744 1089 761 :

208 775 271 811 sed,
295 777 533 816 perturbationes
557 777 654 806 sintne
677 776 810 815 ejusdem
835 781 945 815 partes,
969 774 1094 816 quaestio

207 824 260 848 est.
286 819 370 848 Vitia
385 819 465 849 enim
482 819 651 850 affectiones
666 824 918 849 suntnianentes:
936 819 1092 858 perturba-

206 861 302 892 tiones
317 868 431 900 autem,
448 869 612 901 moventes,
636 868 670 892 ut
685 872 745 892 non
766 861 879 902 possint
899 861 1091 891 affectionum

206 905 396 934 manentium
412 912 510 946 partes
526 916 597 936 esse.

249 947 356 988 Atque
366 954 410 985 ut,
428 949 458 978 in
471 950 570 985 malis,
588 948 708 988 attingit
724 947 817 978 animi
833 953 972 977 naturam
988 957 1091 988 corpo-

206 990 246 1020 ris
265 991 442 1027 similitudo,
466 992 507 1022 sic
529 992 560 1021 in
584 992 690 1022 bonis:
716 997 786 1021 sunt
806 991 886 1021 enim
913 991 944 1020 in
971 999 1092 1031 corpore

208 1034 371 1074 praecipua,
395 1035 598 1074 pulchritudo,
616 1035 702 1073 vires,
720 1034 871 1071 valetudo,
888 1034 1024 1069 firmitas,
1041 1044 1092 1064 ve-

206 1076 329 1107 locitas:
355 1084 425 1107 sunt
440 1078 513 1108 item
529 1078 560 1107 in
576 1078 686 1107 animo.
716 1078 759 1107 Ut
775 1077 855 1106 enim
871 1077 1000 1117 corporis
1016 1083 1093 1106 tem-

206 1120 331 1159 peratio,
348 1131 417 1150 cum
434 1131 468 1150 ea
483 1127 653 1161 congruunt
668 1121 745 1150 inter
760 1131 801 1157 se,
818 1131 834 1150 e
849 1120 960 1160 quibus
976 1126 1092 1150 consta-

205 1172 286 1201 mus,
311 1163 440 1200 sanitas3
469 1164 509 1194 sic
533 1164 626 1194 animi
650 1164 769 1199 dicitur,
797 1173 867 1193 cum
892 1164 956 1202 ejus
979 1163 1093 1202 judicia

206 1206 422 1246 opinionesque
437 1207 626 1237 concordant.
658 1207 766 1247 anue
787 1206 881 1236 animi
906 1212 949 1236 est
972 1206 1089 1242 virtus;

205 1259 300 1289 quam
324 1249 374 1279 alii
397 1250 493 1290 ipsam
516 1250 745 1290 temperantiam
763 1250 867 1279 dicunt
883 1259 954 1286 esse,
972 1249 1022 1279 alii
1038 1251 1091 1279 ob-

206 1297 425 1332 temperantem
441 1293 646 1333 temperantiae
668 1293 834 1333 praeceptis,
851 1298 879 1322 et
902 1303 968 1322 eam
989 1294 1091 1322 subse-

207 1342 364 1375 quentem,
381 1345 434 1365 nec
449 1336 611 1366 habentem
627 1336 723 1366 ullam
744 1336 871 1376 speciem
895 1346 979 1365 suam
995 1347 1003 1365 :
1028 1335 1089 1371 sed,

207 1377 269 1407 sive
284 1378 351 1414 hoc,
369 1378 429 1408 sive
445 1379 522 1408 illud
537 1379 585 1417 sit,
601 1379 632 1408 in
649 1379 710 1409 solo
726 1390 786 1408 esse
802 1379 942 1419 sapiente.
966 1378 1023 1408 Est
1038 1389 1092 1408 au-

206 1425 269 1450 tem
286 1421 424 1461 quaedam
435 1422 529 1451 animi
541 1423 661 1459 sanitas,
675 1433 743 1462 quie
755 1422 786 1451 in
799 1421 988 1462 insipientem
1001 1422 1091 1451 etiam

207 1464 304 1501 cadat,
322 1474 391 1494 cum
407 1465 559 1495 curatione
574 1466 759 1495 medicorum
774 1464 961 1495 conturbatio
982 1465 1092 1495 mentis

207 1506 352 1537 aufertur.
385 1507 438 1545 Et,
461 1514 495 1538 ut
517 1509 647 1548 corporis
673 1514 716 1538 est
739 1508 878 1548 quaedam
903 1514 973 1548 apta
995 1507 1092 1547 figura

206 1551 426 1587 membrorum,
444 1562 514 1581 cum
529 1552 633 1581 coloris
649 1551 782 1592 quadam
797 1551 942 1581 suavitate
955 1562 964 1586 ς
997 1561 1092 1590 eaque

207 1591 318 1622 dicitur
330 1593 523 1633 pulchritudo
536 1605 545 1630 ς
570 1595 621 1633 sic,
643 1595 674 1624 in
690 1595 803 1632 animo,
819 1595 995 1635 opinionum
1009 1594 1092 1634 judi-

207 1635 384 1676 ciorumque
404 1637 591 1678 aequabilitas
614 1644 643 1668 et
665 1638 840 1674 constantia,
857 1648 927 1668 cum
950 1637 1091 1668 firmitate

208 1678 342 1718 quadam
364 1686 393 1709 et
413 1680 574 1710 stabilitate
597 1681 738 1712 virtutem
754 1683 948 1722 subsequens,
964 1688 1017 1712 aut
1032 1682 1091 1712 vir-

208 1721 282 1751 tutis
319 1722 379 1752 vim
409 1723 506 1763 ipsam
537 1724 702 1761 continens,
735 1725 927 1766 pulchritudo
959 1731 1090 1756 vocatur.

210 1763 361 1806 Itemque,
390 1766 501 1798 viribus
528 1767 657 1808 corporis
683 1773 712 1799 et
738 1769 834 1800 nervis
868 1775 897 1800 et
926 1768 1093 1800 efficacitati
