1226 1935
180 81 241 112 104
300 79 422 111 TUSC.
440 78 612 118 QUAEST.
630 78 708 109 Lm.
727 78 773 110 ΙΙ.
794 78 877 110 CAP.
897 79 945 110 11.

222 166 338 196 Amore
353 166 458 196 mortis
473 165 638 195 terminum
652 165 815 206 anquirens
829 165 912 194 mali.

224 209 283 238 Sed
298 209 386 248 longe
399 220 416 238 a
430 210 490 239 leto
505 209 630 237 numine
645 209 773 248 aspellor
789 208 885 238 Jovis.

226 255 332 292 Atque
347 252 410 281 lucc
426 258 551 288 vetusta,
569 251 661 281 saeclis
676 252 842 291 glomerata
856 251 994 290 horridis,

227 294 374 324 Laetificat
390 295 486 324 clades
502 300 602 324 nostro
618 294 712 323 infixa
727 300 769 323 est
785 293 918 333 corpori:

228 338 255 367 E
273 348 332 378 quo
347 337 470 378 liquatae
485 337 553 367 solis
569 337 673 366 ardore
689 337 832 366 excidunt

229 382 344 418 Guttae,
361 391 429 421 quae
444 391 517 410 saxa
531 380 648 410 assidue
663 380 811 410 instillant
826 379 986 409 Caucasi.''

229 467 290 497 XI.
323 467 387 497 Vix
415 467 508 507 igitur
529 478 614 508 posse
637 467 776 497 videmur
790 466 832 497 ita
847 467 989 497 affectum
1011 477 1072 498 non

185 510 330 540 miserum
342 510 458 545 dicere;
483 516 523 545 et,
536 511 559 539 si
570 511 652 540 hunc
664 510 820 547 miserum,
834 516 910 540 certe
925 510 1071 547 dolorem,

186 553 313 583 malum.
338 553 484 582 Auditor.
511 552 563 582 Tu
579 553 704 593 quidem
719 552 819 582 adhuc
833 563 934 582 meam
950 563 1071 583 eausam

187 596 270 636 agis:
296 595 346 625 sed
359 596 415 625 hoc
430 606 502 625 mox
519 596 629 625 videro.
655 595 774 625 Interea
784 595 864 625 unde
879 595 928 625 isti
943 606 1044 626 versus
1058 598 1073 626 ?

189 649 250 668 non
275 639 356 668 enim
378 648 514 678 agnosco.
539 639 683 668 Illnrcns.
722 637 844 675 Dicam,
862 638 1005 668 hercule:
1031 645 1074 669 et-

189 681 271 711 enim
300 687 377 711 reete
407 681 541 721 requiris.
582 681 715 711 Videsne
738 680 892 711 abundare
917 691 967 711 me
989 681 1076 712 otio?

190 724 337 754 Auditor.
362 723 447 761 Quid
471 725 563 754 tum?
588 725 730 753 Marcus.
756 723 854 753 Fuisti
869 734 958 764 saepe,
976 724 1075 763 credo,

189 777 261 797 cum
268 767 399 796 Athenis
409 777 495 803 esses,
503 767 535 796 in
545 767 652 796 scholis
662 766 919 807 philosophorum.
931 767 961 796 A
967 768 1079 797 aditor.

191 810 285 847 Vero,
299 820 333 839 ac
344 810 471 839 libenter
481 809 614 850 quidem.
639 811 781 839 Marcus.
806 809 1080 840 Animadvertebas

190 853 293 892 igitur,
318 853 372 883 etsi
393 859 459 882 tum
482 863 571 882 nemo
594 859 656 882 erat
678 852 843 882 admodum
866 853 1012 893 copiosus,
1030 864 1081 883 ve-

191 901 364 925 rumtamen
379 906 481 926 versus
496 897 534 925 ab
546 895 592 925 his
604 895 759 925 admisceri
772 895 906 925 orationi.
931 896 1077 926 Auditor.

193 939 242 968 Ac
252 939 363 969 multos
375 938 498 979 quidem
511 949 529 968 a
540 938 688 979 Dionysio
698 940 807 969 Stoico.
832 939 878 968 M
877 949 976 968 arcels.
1003 939 1080 969 Pro-

194 983 232 1011 be
253 981 344 1011 dicis:
370 981 420 1011 sed
447 982 471 1011 is
495 981 582 1022 quasi
606 981 727 1019 dictata,
744 981 830 1011 nullo
845 981 973 1018 delectu,
993 982 1080 1012 nulla,

193 1025 350 1064 elegantia.
375 1024 465 1054 Philo
481 1030 580 1054 noster
597 1023 642 1063 [et
656 1024 813 1064 proprium
835 1025 1028 1065 numerum],
1052 1030 1082 1054 et

192 1068 269 1097 lecta
284 1070 435 1108 poemata,
452 1073 480 1097 et
496 1068 560 1097 loco
570 1067 763 1107 adjungebat.
788 1067 908 1107 Itaque,
919 1073 1081 1107 postquam

194 1110 333 1139 adamavi
344 1111 422 1140 hanc
437 1110 522 1150 quasi
538 1111 663 1140 senilem
675 1110 936 1145 declamationem,
950 1110 1082 1140 studiose

195 1153 335 1193 equidem
352 1159 420 1182 utor
442 1153 549 1183 nostris
564 1153 678 1194 po'etis:
704 1153 766 1189 sed,
789 1153 883 1183 sicubi
903 1153 948 1182 illi
968 1152 1083 1183 defece-

195 1202 278 1231 runt,
295 1196 369 1226 verti
387 1195 481 1237 [ipse]
500 1197 597 1226 multa
612 1196 649 1226 de
669 1196 792 1233 Graecis,
809 1206 908 1236 nequo
924 1206 1084 1226 ornamen-

196 1245 238 1275 to,
255 1239 286 1268 in
303 1239 359 1269 hoc
374 1249 481 1279 genere
496 1239 716 1279 disputationis,
730 1245 841 1269 careret
853 1238 966 1268 Latina
980 1239 1084 1269 oratio.

240 1281 299 1312 Sed
315 1282 445 1319 videsne,
462 1285 559 1322 po'e'tae
574 1282 647 1322 quid
665 1282 739 1312 mali
760 1282 912 1312 afferant?
951 1281 1086 1312 Lamen-

197 1330 293 1354 tantes
317 1325 465 1354 inducunt
487 1325 662 1355 fortissimos
682 1325 780 1355 viros:
805 1324 948 1354 molliunt
967 1325 1085 1356 animos

197 1373 313 1398 nostros
327 1379 334 1386 ·
364 1368 406 1397 ita
432 1373 502 1397 sunt
527 1368 635 1398 deinde
658 1367 771 1405 dulces,
799 1373 833 1397 ut
859 1377 919 1397 non
945 1368 1085 1407 legantur

198 1410 300 1447 modo,
318 1411 369 1440 sed
384 1410 474 1441 etiam
491 1411 667 1441 ediscantur.
691 1410 751 1447 Sic,
768 1410 807 1440 ad
818 1410 932 1440 malam
944 1410 1086 1440 domesti-

198 1464 265 1483 cam
281 1453 482 1494 disciplinam,
496 1454 650 1494 vitamque
659 1453 854 1484 umbratilem
870 1460 898 1483 et
914 1453 1085 1491 delicatam,

199 1506 270 1526 cum
286 1503 471 1526 accesserunt
486 1497 576 1527 etiam
595 1500 703 1537 poe'tae,
724 1506 829 1526 nervos
849 1496 947 1526 omnis
968 1496 1087 1526 virtutis

200 1539 326 1569 elidunt.
352 1540 444 1570 Recte
466 1539 558 1580 igitur
578 1550 596 1569 a
617 1540 744 1569 Platone
766 1538 966 1580 [educuntur]
991 1549 1029 1569 ex
1051 1539 1087 1569 ea

200 1582 330 1619 civitate,
347 1593 438 1623 quam
456 1583 544 1612 finxit
559 1583 620 1621 ine,
636 1593 706 1613 cum
722 1592 819 1612 mores
834 1582 974 1623 optimos,
989 1588 1018 1612 et
1032 1592 1087 1623 op-

200 1624 311 1654 timum
327 1626 498 1666 reipublicae
514 1631 637 1663 statum,
660 1625 837 1666 exquireret.
874 1625 921 1654 At
936 1634 1006 1655 vero
1020 1634 1086 1663 nos,

202 1667 281 1697 docti
297 1668 407 1698 scilicet
421 1680 439 1698 a
456 1669 584 1706 Graeci-:u
601 1669 665 1699 haec
680 1675 709 1699 et
731 1679 749 1698 a
770 1667 899 1708 pueritia
914 1667 1042 1708 legimus
1058 1673 1087 1698 et

201 1710 366 1741 ‹lis-cimus:
390 1712 469 1744 hanc
483 1711 682 1744 eruditionem
696 1711 851 1743 liberalem
869 1716 898 1742 et
920 1711 1087 1742 doctrinam

204 1759 357 1794 putamus.
