1226 1935
243 59 367 93 TUSC.
383 59 556 99 QUAEST.
574 59 654 93 1218.
672 59 699 92 Ι.
717 60 802 93 CAP.
819 61 870 90 28.
944 60 1002 91 131

113 145 169 187 qui
192 146 374 188 intelligitur
392 157 411 177 a
433 146 532 184 nobis,
548 146 608 178 alio
629 145 720 176 modo
743 145 871 186 intelligi
892 151 1001 186 potest,

112 189 171 219 nisi
186 199 271 220 mens
287 190 385 220 soluta
395 189 534 231 quaedam
551 196 581 220 et
595 189 699 225 libera,
717 196 872 228 scgregata
883 190 921 219 ab
936 199 1002 219 om-

110 233 143 262 ni
155 233 341 263 concretione
355 233 488 271 mortali,
505 232 668 272 omniaque
683 231 812 262 sentiens
825 238 853 261 et
865 241 1000 269 movens,

108 275 234 317 ipsaque
255 275 382 316 praedita
401 282 487 306 motu
510 275 725 316 sempiterno.''
749 274 819 305 Hoc
837 285 853 304 e
876 284 997 314 genere,

104 324 197 360 atque
212 319 317 349 eadem
332 329 348 348 e
360 318 480 355 natura,
497 324 540 348 est
555 318 691 348 humana
701 327 796 347 mens.

149 361 317 392 XXVIII.
341 362 487 391 Auditor.
505 361 567 391 Ubi
577 361 680 401 igitur,
694 366 747 390 aut
757 360 866 400 qualis,
880 366 924 390 est
938 360 996 390 ista

106 414 192 435 mens
201 407 215 435 ?
231 406 374 434 Marcus.
389 404 452 434 Ubi
464 410 527 439 tua,
539 410 591 433 aut
601 404 700 444 qualis
713 405 726 434 :³
742 409 866 444 potesne
875 403 972 433 dicere
984 406 998 434 Ρ

107 448 174 485 An,
191 448 216 478 si
231 447 334 477 omnia
350 447 388 477 ad
403 446 636 486 intelligendum
652 456 713 476 non
728 446 837 481 habeo,
860 457 929 486 quae
943 446 999 476 ha-

106 491 178 521 bere
193 491 314 527 veHem,
331 499 369 520 ne
384 490 420 520 iis
435 489 572 530 quidem,
589 500 658 530 quae
673 489 780 527 habeo,
797 489 875 519 mihi
895 500 948 530 per
969 495 1000 520 te

106 533 153 563 uti
167 533 269 564 licebit
282 535 296 564 Ρ
320 533 393 563 Non
409 533 488 564 valet
500 538 621 562 tantum
636 533 767 569 animus,
784 538 819 561 ut
834 542 865 562 se
879 532 943 572 ipse
954 532 1000 562 vi-

106 576 195 606 deat:
220 582 262 613 at,
279 581 314 606 ut
328 576 445 613 oculus,
468 575 508 606 sic
523 575 655 612 animus,
672 586 703 605 se
717 585 778 604 non
801 575 916 612 videns,
940 575 1000 607 alia

106 620 210 650 cernit.
242 620 315 650 Non
338 619 420 649 videt
443 624 557 657 autem,
576 618 658 659 quod
676 618 841 648 minimum
862 624 917 656 est,
937 618 1000 648 for-

106 672 191 692 mam
211 673 307 692 suam.
339 662 366 692 F
368 668 499 697 ortasse;
524 671 712 702 quamquam
730 661 762 691 id
778 671 920 702 quoque:
946 661 998 691 sed

104 706 334 746 relinquamus:
364 705 428 735 vim
453 711 541 742 certe,
569 704 773 745 sagacitatem,
802 704 996 741 memoriam,

104 755 236 785 motum,
254 748 435 778 celeritatem
448 748 538 778 videt.
575 747 651 777 Haec
662 757 787 787 magna,
802 747 867 777 haec
883 747 996 784 divina,

104 790 170 821 haec
185 791 367 831 sempiterna
383 796 463 820 sunt.
493 790 560 828 Qu
549 803 567 820 ι
581 790 656 820 facie
671 790 795 830 quidem
811 790 860 827 sit,
877 796 930 820 aut
944 790 999 820 ubi

104 833 231 871 habitet,
248 844 287 864 ne
302 833 500 874 quaerendum
516 833 640 874 quidem
657 839 710 863 est.

147 877 204 915 Ut,
221 887 291 907 cum
312 877 450 907 videmus
465 876 593 917 speciem
609 876 757 916 primum,
774 875 997 916 candoremque

103 920 192 956 coeli3
216 919 324 950 deinde
339 919 538 950 conversionis
554 919 735 949 celeritatem
751 925 880 955 tantam,
897 929 996 959 quan-

102 969 167 994 tam
182 963 312 1004 cogitare
327 972 388 993 non
408 972 592 1003 possumus,
584 973 592 980 ·
616 968 684 991 tum
700 961 917 992 vicissitudines
933 961 997 992 die-

104 1016 174 1036 rum
198 1013 290 1047 atque
312 1006 460 1043 noctium,
483 1005 796 1053 commutationesque
819 1010 994 1045 temporum

103 1049 347 1091 quadripertitas,
364 1048 402 1078 ad
417 1048 624 1079 maturitatem
639 1048 765 1088 frugum
782 1054 811 1077 et
826 1047 865 1077 ad
880 1053 996 1088 tempe-

102 1093 249 1123 rationem
265 1102 425 1132 corporum
442 1098 538 1132 aptas,
555 1101 721 1132 eorumque
736 1090 875 1121 omnium
891 1091 997 1121 mode-

102 1142 233 1166 ratorem
254 1141 284 1165 et
305 1135 414 1165 ducem
438 1135 552 1170 solem;
576 1135 755 1175 lunamque,
779 1134 943 1167 accretione
966 1139 997 1165 et

102 1178 303 1209 diminutione
317 1177 454 1215 luminis,
467 1178 553 1219 quasi
568 1178 715 1208 fastorum
730 1177 808 1207 notis
824 1177 995 1217 signantem

101 1222 188 1258 dies;
212 1227 279 1251 tum
299 1221 331 1251 in
352 1221 458 1251 eodem
474 1222 545 1251 orbe
560 1221 592 1250 in
608 1220 689 1251 XII.
705 1226 805 1261 partes
820 1219 992 1257 distributo,

101 1265 238 1306 quinque
261 1264 361 1295 stellas
386 1264 468 1302 ferri,
487 1264 608 1294 eosdem
630 1274 734 1294 cursus
754 1263 995 1295 constantissime

102 1313 263 1345 servantes,
280 1307 449 1348 disparibus
464 1307 542 1338 inter
554 1317 584 1337 se
593 1307 739 1344 motibus,
752 1312 994 1347 nocturnamque

102 1351 168 1381 coeli
188 1351 319 1381 formam
336 1350 473 1391 undique
495 1350 642 1383 sideribus
661 1355 819 1385 ornatan13
844 1354 911 1379 tum
927 1349 995 1389 glo-

100 1395 177 1424 bum
206 1400 292 1424 terrae
321 1393 503 1423 eminentem
533 1404 550 1424 e
577 1392 667 1430 mari,
698 1393 808 1430 fixum,
835 1392 867 1422 in
891 1392 994 1422 medio

101 1437 211 1468 mundi
226 1436 358 1467 universi
372 1436 437 1466 loco
450 1447 460 1473 3
493 1436 612 1467 duabus
627 1436 686 1466 oris
701 1435 882 1468 distantibus
904 1435 992 1464 habi-

100 1480 237 1517 tabilem,
255 1485 285 1509 et
300 1479 437 1515 cultum;
462 1490 594 1520 quarum
609 1479 714 1515 altera,
731 1488 825 1519 quam
840 1488 895 1511 nos
910 1478 993 1508 inw-

100 1523 204 1561 limus,
221 1523 278 1552 sub
293 1532 350 1552 axe
365 1523 461 1563 posita
475 1522 515 1552 ad
530 1523 630 1553 stellas
645 1528 772 1562 septem,
788 1520 871 1551 unde

154 1583 177 1600 ‘⁶
194 1581 334 1643 Horr'ifer
353 1581 519 1622 Aquilonis
540 1581 648 1612 stridor
666 1580 781 1622 gelidas
803 1579 930 1610 molitur
944 1579 992 1609 111-

200 1635 270 1656 ves·
262 1648 271 1662 ,
287 1625 295 1639 '

99 1696 194 1726 altera
215 1695 381 1735 Australis,
402 1696 507 1737 ignota
527 1695 614 1726 nobis
629 1697 737 1736 (quam
763 1699 871 1725 vocant
893 1692 994 1724 Graeci

100 1741 289 1781 αντιχὲονα)·
279 1762 289 1777 ,
313 1745 434 1771 caeteras
454 1745 553 1781 partes
564 1739 705 1777 incultas,
718 1737 801 1780 quod
816 1742 869 1773 aut
883 1736 996 1778 frigore
