1226 1935
232 71 296 103 312
341 71 403 102 DE
427 71 535 102 NAT.
560 72 697 104 DEOR.
723 72 802 104 Lm.
817 73 844 104 1.
866 74 949 105 CAP.
966 76 1018 106 20.

233 158 357 199 paribus
373 158 457 199 paria
472 158 679 199 respondeant.
712 159 803 190 Hanc
827 164 971 190 Ῑσονοιιιαν
992 162 1126 203 appellat

234 201 399 250 Epicurus,
421 201 452 231 id
477 207 531 238 est,
554 202 734 250 aequabilem
755 203 960 234 tributionem.
995 204 1045 235 Ex
1068 206 1124 236 hac

237 244 331 284 igitur
354 244 432 274 illud
457 224 594 283 efficitur,
617 245 640 275 si
661 246 837 276 mortalium
860 252 944 276 tanta
962 248 1126 279 multitudo

238 287 287 324 sit,
305 298 366 317 esse
381 287 601 317 immortalium
617 298 677 318 non
693 288 862 324 111111010111ς
887 295 926 326 et,
944 290 978 327 si,
997 302 1065 331 quae
1080 292 1126 321 in-

238 330 392 367 terimant,
409 331 642 360 innumerabilia
662 331 732 369 sint,
754 332 845 362 etiam
865 342 910 369 ea,
927 343 996 373 quae
1011 344 1128 364 conser-

240 379 322 411 vent,
333 373 452 403 infinita
464 384 525 403 esse
538 373 654 403 debere.
678 374 721 403 Et
736 385 868 414 quaerere
880 386 897 404 a
907 376 1004 424 nobis,
1018 377 1128 415 Balbe,

241 416 353 454 soletis,
370 427 439 457 quae
454 416 516 446 vita
532 416 669 446 Deorum
690 417 738 453 sit,
756 428 884 457 quaeque
899 419 960 447 ab
953 419 988 449 115
1003 419 1130 459 degatur

242 466 323 490 aetas.
356 459 405 489 Ea
420 459 568 496 videlicet,
585 460 647 499 qua
662 460 737 489 nihil
753 460 880 497 beatius,
898 461 974 491 nihil
989 463 1132 494 omnibus

241 503 329 533 bonis
349 502 534 539 affluentius,
557 502 680 542 cogitari
704 508 809 542 potest.
846 503 934 533 Nihil
950 505 1031 534 enim
1046 506 1130 545 agit:

243 546 336 576 nullis
360 545 606 586 occupationibus
633 551 676 575 est
706 546 898 585 implicatus:
934 548 1020 577 nulla
1045 558 1134 588 opera

244 589 370 620 molitur
384 600 391 618 :
417 589 472 618 sua
487 588 633 628 sapientia
648 594 678 618 et
698 589 808 619 virtute
822 589 953 629 gaudet:
977 590 1068 621 habet
1083 602 1136 622 ex-

245 633 411 673 ploratum,
433 631 496 661 fore
512 641 542 660 se
563 641 680 671 semper
696 641 766 662 cum
786 632 818 662 in
837 632 991 671 maximis,
1013 639 1081 664 tum
1103 635 1135 665 in

250 675 368 705 aeternis
385 674 601 715 voluptatibus.

291 718 367 748 XX.
386 717 481 747 Hunc
492 717 596 747 Deum
606 717 661 747 rite
670 718 793 747 beatum
804 717 987 755 dixerimus,
1004 725 1137 751 vestrum

249 772 320 792 vero
334 760 613 790 laboriosissimum.
645 760 714 790 Sive
730 760 811 790 enim
826 761 890 801 ipse
905 761 1038 792 mundus
1054 763 1140 794 Deus

248 810 304 841 est,
329 803 404 845 quid
427 810 524 844 potest
547 813 609 833 esse
629 803 731 833 minus
752 804 901 844 quietum,
924 815 1029 845 quam,
1055 808 1141 837 nullo

251 853 365 888 puncto
377 846 520 887 temporis
532 846 713 894 intermisso,
727 847 836 876 versari
848 847 960 877 circum
972 858 1061 878 axem
1077 850 1142 880 coeli

252 889 425 920 admirabili
441 889 609 919 celeritate.
602 891 615 910 ⁹
639 889 696 919 nisi
708 890 846 930 quietum
859 896 973 928 autem,
984 891 1060 921 nihil
1072 893 1143 923 bea-

253 940 321 964 tum
337 939 390 963 est.
415 932 484 963 Sive
500 932 531 962 in
547 932 611 972 ipso
627 932 743 962 mundo
760 932 845 963 Deus
860 933 937 963 inest
952 933 1071 974 aliquiS,
1089 937 1143 976 qui

251 982 347 1017 regat,
361 975 415 1016 qui
429 976 588 1016 gubernet,
606 975 659 1016 qui
671 986 774 1005 cursus
789 983 949 1013 astrorum,
963 978 1072 1007 mutati
1074 989 1145 1009 ones

252 1026 437 1060 temporum,
463 1028 565 1048 rerum
585 1018 802 1048 vicissitudines
826 1018 1005 1059 ordinesque
1029 1030 1145 1052 conser-

254 1068 314 1100 vet,
341 1068 433 1091 terras
462 1067 492 1091 et
515 1061 611 1091 maria
635 1062 853 1101 contemplans,
877 1062 1039 1093 hominum
1063 1074 1145 1094 com-

253 1105 346 1135 moda
361 1105 498 1144 vitasque
518 1110 657 1134 tueatur:
684 1114 731 1134 nae
751 1104 802 1134 ille
823 1111 866 1135 est
886 1105 1059 1145 implicatus
1079 1118 1146 1138 mo-

254 1148 337 1179 lestis
352 1147 490 1188 negotiis,
508 1152 537 1177 et
551 1147 690 1187 operosis.
715 1148 782 1177 Nos
797 1154 899 1178 autem
914 1149 1034 1178 beatam
1051 1150 1145 1181 vitam

256 1192 289 1222 in
305 1190 400 1221 animi
421 1190 589 1226 securitate,
607 1196 635 1219 et
653 1190 684 1219 in
705 1191 844 1220 omnium
866 1191 1019 1221 vacatione
1039 1202 1147 1224 mune-

257 1245 339 1272 rum,
356 1233 508 1274 ponimus.
541 1233 655 1263 Docuit
676 1233 757 1263 enim
779 1244 832 1263 nos
847 1233 940 1272 idem,
956 1234 1009 1275 qui
1030 1242 1145 1275 caetera,

258 1277 368 1307 natura
392 1276 532 1306 effectum
559 1286 621 1306 esse
645 1276 820 1307 mundum:
855 1277 931 1307 nihil
958 1288 1034 1318 opus
1056 1279 1149 1311 fuisse

259 1319 393 1355 fabrica;
418 1325 545 1359 tamque
569 1329 636 1349 eam
660 1329 724 1349 rem
745 1330 807 1350 esse
827 1319 958 1357 facilem,
985 1331 1078 1360 quam
1099 1334 1150 1353 vos

261 1363 338 1394 effici
353 1362 467 1403 negetis
483 1362 546 1392 sine
558 1362 661 1392 divina
676 1372 761 1402 posse
773 1363 916 1399 sollertia,
930 1368 964 1392 ut
979 1363 1152 1396 innumera-

263 1406 339 1437 biles
363 1411 472 1435 natura
486 1404 618 1435 mundos
634 1404 776 1435 effectura
799 1406 848 1443 sit,
874 1406 993 1442 efficiat,
1013 1407 1151 1439 effecerit.

264 1448 358 1487 Quod
374 1448 446 1489 quia
457 1447 717 1488 quemadmodum
727 1454 835 1478 natura
847 1448 961 1479 efficere
977 1449 1039 1480 sine
1050 1451 1154 1492 aliqua.

264 1497 366 1522 mente
381 1491 485 1532 possit,
502 1500 562 1520 non
579 1490 705 1526 videtis;
730 1496 764 1521 ut
775 1492 880 1531 tragici
895 1495 1003 1532 poiae'tae,
1017 1503 1086 1523 cum
1103 1505 1157 1525 ex-

264 1535 375 1576 plicare
391 1534 563 1582 argumenti
578 1534 696 1563 exitum
712 1544 772 1564 non
788 1535 921 1574 potestis,
938 1535 1099 1576 confugitis
1118 1538 1157 1568 ad

266 1578 391 1608 Deum:
417 1577 503 1616 cujus
518 1586 642 1617 operam
662 1577 795 1617 profecto
815 1587 875 1607 non
897 1578 1156 1617 deside1·aretis,s·i
1147 1582 1154 1586 '

266 1621 450 1651 immensam
465 1626 494 1650 et
508 1619 734 1650 interminatam
750 1620 782 1650 in
802 1630 907 1651 omnes
924 1627 1023 1662 partes
1038 1624 1158 1663 magni-

268 1663 408 1694 tudinem
418 1662 576 1703 regionum
589 1662 758 1700 videretis,
751 1673 782 1692 ln
794 1674 888 1704 quam
904 1674 934 1694 se
945 1664 1081 1703 injiciens
1094 1667 1158 1696 ani-

270 1716 340 1738 mus
355 1712 385 1738 et
403 1705 573 1744 intendens,
594 1706 637 1737 ita
650 1706 711 1738 late
725 1707 877 1748 longeque
890 1707 1109 1750 peregrinatur,
1125 1715 1161 1740 ut
