1226 1935
209 87 271 116 220
331 84 453 115 TUSC.
471 83 642 122 QUAEST.
660 83 738 114 Lm.
755 83 815 114 IV.
839 84 922 115 CAP.
939 86 969 115 5.

207 171 359 211 prolatum
385 176 448 201 erat
473 170 592 207 melius,
615 170 704 207 illud,
731 170 813 210 quod
839 176 912 207 erat,
937 171 1089 201 tenebant.

210 215 283 244 Post
304 213 504 243 Amafanirun
529 219 631 243 autem
651 213 741 243 multi
761 213 895 251 ejusdem
920 213 1022 243 aemuli
1045 223 1092 242 ra-

208 256 298 286 tionis
312 257 410 286 multa
425 267 495 286 cum
510 256 705 296 scripsissent,
722 256 843 286 Italiam
860 261 952 286 totam
965 266 1092 296 occupa-

209 305 334 329 verunt:
359 299 500 340 quodque
523 299 694 329 maximum
718 305 930 338 argumentum
952 304 1006 336 est,
1030 308 1091 328 non

209 341 266 372 dici
288 342 340 372 illa
361 342 519 379 subtiliter,
543 342 623 382 quod
643 342 734 371 etiam
756 341 841 371 facile
862 342 1040 378 ediscantur,
1063 347 1093 370 et

209 386 247 414 ab
263 385 388 415 indoctis
403 387 578 425 probentur,
600 385 631 414 id
650 384 696 414 illi
713 384 940 414 firmamentum
955 395 1016 415 esse
1032 384 1092 414 dis-

209 428 327 468 ciplinae
342 433 459 468 putant.

254 470 312 500 IV.
333 470 391 500 Sed
407 470 547 500 defendat
563 469 645 510 quod
660 470 788 510 quisque
804 470 891 500 sentit
904 482 911 500 ε
929 475 1000 500 sunt
1011 470 1092 499 enim

206 513 320 552 judicia
334 513 427 543 libera
439 524 446 542 :
464 523 517 542 nos
529 513 702 542 institutum
714 513 902 547 tenebimus;
919 513 1094 553 nulliusque

210 556 299 585 unius
315 556 479 596 disciplinae
493 555 610 594 legibus
625 555 767 591 adstricti,
791 555 901 595 quibus
916 556 946 585 in
962 556 1093 596 philoso-

210 599 283 640 phia
308 598 470 628 necessario
495 608 665 638 pareamus,
696 598 770 638 quid
796 597 833 627 sit
856 598 887 627 in
913 598 1035 638 quinque
1061 608 1093 628 re

210 641 343 671 maxime
353 641 517 681 probabile,
541 651 657 680 semper
672 641 867 680 requiremus.
902 641 1005 678 Quod,
1022 651 1091 671 cum

211 695 290 724 saepe
314 684 397 720 alias,
420 689 485 713 tum
506 693 602 723 nuper
623 684 654 712 in
675 683 861 721 Tusculano,
883 683 1013 714 studiose
1032 683 1093 723 egi-

211 737 289 757 mus.
314 727 432 767 Itaque,
456 726 596 766 expositis
617 726 710 756 tridui
724 726 986 766 disputationibus,
1004 737 1094 767 quar-

211 775 259 800 tus
275 769 336 799 dies
351 770 407 799 hoc
418 769 494 799 libro
506 769 708 799 concludetur.
733 769 777 799 Ut
789 769 868 799 enim
880 769 910 798 in
922 769 1093 799 inferiorem

211 813 449 842 ambulationem
474 812 681 842 descendimus
704 811 799 852 (quod
822 812 986 842 feceramus
1012 812 1092 842 idem

211 855 413 896 superioribus
428 855 558 892 diebus),
575 861 641 885 acta
655 866 700 885 res
715 861 759 884 est
773 855 823 885 sic.

254 900 396 928 Marcus.
414 898 516 935 Dicat,
538 897 562 928 si
583 898 650 938 quis
670 898 747 935 vult,
768 898 829 938 qua
849 897 886 927 de
902 908 932 928 re
947 897 1093 938 disputari

211 941 292 971 velit.
331 941 475 970 Auditor.
498 941 571 970 Non
591 941 668 970 mihi
688 941 805 971 videtur
819 941 902 970 omni
917 941 1011 970 animi
1026 951 1093 981 per-

211 983 382 1014 turbatione
397 994 482 1025 posse
502 983 618 1024 sapiens
633 994 745 1014 vacare.
784 984 928 1013 stlat-eus.
953 984 1093 1023 AEgritu-

211 1027 281 1057 dine
305 1027 427 1067 quidem
452 1026 590 1056 hesterna
611 1026 812 1067 disputatione
834 1026 1011 1062 videbatur3
1036 1026 1093 1056 nisi

211 1069 287 1099 forte
302 1070 444 1110 temporis
459 1069 548 1099 causa
562 1070 766 1099 assentiebare.
799 1069 944 1099 Auditor.
961 1069 1094 1099 Minime

211 1123 300 1142 vero:
333 1122 404 1142 nam
433 1112 509 1141 mihi
539 1112 655 1152 egregie
683 1113 809 1152 probata
836 1118 879 1142 est
909 1112 1003 1142 oratio
1028 1118 1090 1142 tua.

212 1156 353 1185 Marcus.
377 1156 449 1185 Non
471 1155 563 1194 igitur
583 1155 735 1185 existimas
753 1154 855 1185 cadere
875 1154 906 1184 in
927 1155 1093 1195 sapientem

212 1198 421 1238 aegritudinem
434 1200 447 1228 Ρ
471 1198 615 1227 Auditor.
630 1199 755 1228 Prorsus
766 1208 825 1227 non
838 1197 973 1227 arbitror.
997 1199 1093 1227 Mar-

211 1251 272 1270 cus.
296 1241 406 1281 Atqui,
427 1241 450 1270 si
466 1241 522 1270 ista
536 1242 709 1281 perturbare
724 1240 862 1270 animum
877 1240 1017 1280 sapientis
1032 1250 1092 1270 non

211 1289 318 1324 potest,
342 1284 426 1313 nulla
441 1283 557 1324 poterit.
588 1283 673 1321 Quid
688 1283 794 1313 enim?
817 1289 954 1313 metusne
973 1289 1094 1313 contur-

210 1328 285 1357 bet?
309 1327 355 1356 At
366 1337 469 1357 earum
484 1336 585 1356 rerum
597 1332 640 1356 est
651 1326 820 1356 absentium
835 1332 945 1364 metus,
962 1336 1093 1366 quarum

210 1370 403 1410 praesentium
420 1375 463 1399 est
479 1369 633 1409 aegritudo.
657 1369 784 1400 Sublata
796 1369 889 1409 igitur
904 1368 1091 1409 aegritudine,

210 1413 346 1443 sublatus
362 1419 405 1442 est
416 1418 524 1442 metus.
558 1412 686 1442 Restant
701 1412 769 1442 duae
779 1412 1028 1452 perturbationes,
1041 1411 1094 1442 lae-

212 1456 276 1486 titia
299 1456 438 1496 gestiens,
463 1462 492 1485 et
511 1455 625 1492 libido3
649 1466 717 1495 quae
738 1455 762 1485 si
782 1464 841 1484 non
866 1454 972 1484 cadent
994 1454 1026 1484 in
1047 1465 1093 1484 sa-

210 1499 354 1539 pientem,
372 1509 488 1538 semper
499 1508 584 1528 mens
600 1498 654 1528 erit
669 1497 832 1538 tranquilla
844 1497 992 1537 sapientis.
1024 1497 1092 1526 Λη-

211 1543 301 1572 ditor.
322 1542 371 1571 Sic
390 1552 511 1581 prorsus
526 1541 670 1581 intelligo.
704 1542 845 1570 Marcus.
866 1541 980 1570 Utrum
1000 1539 1093 1580 igitur

211 1585 306 1616 mavis
318 1586 332 1615 ?
355 1584 495 1614 statimne
515 1594 569 1613 nos
589 1585 654 1614 vela
674 1583 780 1621 facere,
803 1593 842 1613 an
862 1583 947 1624 quasi
967 1593 983 1613 e
1002 1589 1090 1625 portu

211 1627 393 1669 egredientes
408 1627 570 1667 paululum
585 1626 730 1667 remigare
742 1628 755 1656 Ρ

254 1671 294 1700 V.
318 1670 347 1700 A
353 1671 462 1700 aditor.
476 1669 633 1707 Quidnam
650 1675 692 1699 est
707 1669 808 1699 istuc?
831 1679 891 1698 non
908 1669 988 1698 enim
1003 1669 1092 1698 intel-

210 1714 280 1753 ligo.
314 1715 456 1744 Marcus.
477 1712 560 1750 Quia
580 1712 767 1753 Chrysippus
788 1718 816 1742 et
836 1712 939 1749 Stoici,
963 1721 1031 1742 cum
1054 1711 1092 1742 de

209 1756 302 1788 animi
323 1755 596 1799 perturbationibus
617 1755 781 1799 disputant,
807 1765 950 1796 magnam
973 1760 1090 1796 partem
