1226 1935
245 85 309 116 334
354 85 416 117 DE
441 86 549 118 NAT.
573 86 713 118 DEOR.
737 87 817 117 Lm.
836 85 862 116 Ι.
887 85 972 117 ΟΑΡ.
989 86 1040 115 42.

290 172 337 202 At
361 178 405 203 est
429 184 534 204 eorum
558 174 671 204 eximia
692 173 834 215 quaedam
856 177 1062 214 praestansque
1082 181 1136 201 na-

247 220 327 253 tura,
345 221 379 245 ut
394 226 428 246 ea
443 216 551 247 debeat
565 217 631 258 ipsa
646 228 699 258 per
715 228 745 247 se
760 217 799 246 ad
814 228 844 247 se
859 215 1017 246 colendam
1033 215 1137 245 elicere

247 259 424 299 sapientem.
457 261 511 290 An
532 261 702 301 quidquam
728 260 876 290 eximium
900 264 998 299 potest
1021 268 1083 288 esse
1106 258 1137 287 in

247 302 283 331 eit
298 302 418 339 natura,
436 314 515 343 quae,
539 304 594 333 sua
610 305 764 344 voluptate
784 304 900 340 laetans,
923 301 999 331 nihil
1020 311 1075 330 nec
1090 311 1138 330 ac-

247 349 317 374 tura
338 345 376 375 sit
396 356 545 387 unquam,
568 357 667 387 neque
688 353 768 387 agat,
791 356 889 386 neque
910 345 1024 385 egerit?
1058 344 1138 381 Quae

247 398 336 428 porro
356 389 451 429 pietas
473 390 499 419 ei
520 390 657 426 debetur,
679 401 697 419 a
719 400 779 430 quo
800 389 876 418 nihi]
892 388 1062 428 acceperis?
1086 393 1140 416 aut

249 431 325 471 quid
345 432 481 470 omnino,
506 433 593 471 cujus
616 433 737 462 nullum
760 432 903 462 meritum
926 431 974 468 sit,
997 430 1023 460 ei
1038 430 1140 460 deberi

249 475 371 514 potest?
409 475 467 505 Est
488 476 568 505 enim
592 476 687 516 pietas
709 475 828 514 justitia
848 475 1008 505 adversum
1032 473 1138 509 Deos3

249 527 320 547 cum
336 518 448 558 quibus
464 519 538 559 quid
554 525 652 559 potest
666 519 753 549 nobis
765 529 826 548 esse
838 518 927 557 juris,
940 526 1010 547 cum
1023 516 1140 546 homini

250 561 337 590 nulla
352 571 422 590 eum
435 562 503 591 Deo
516 562 554 591 sit
565 562 789 591 communitas?
812 561 961 592 Sanctitas
977 566 1079 590 autem
1097 565 1141 589 est

251 603 375 633 scientia
395 605 592 635 colendorum
614 605 773 640 Deorum3
802 604 855 644 qui
875 605 1074 644 quamobrem
1093 613 1141 632 co·-

251 646 335 676 lendi
359 647 430 685 sint,
456 658 517 677 non
542 648 690 689 intelligo,
716 648 802 678 nullo
826 657 881 677 nec
905 652 1026 687 accepto
1048 648 1086 676 ab
1107 646 1143 676 iis

250 699 306 719 nec
322 696 439 730 sperato
455 692 544 721 bono.

294 732 406 763 XLII.
436 733 522 771 Quid
546 740 590 765 est
614 740 729 773 autem,
755 733 838 774 quod
858 733 941 763 Deos
964 743 1143 763 veneremur

251 783 374 817 propter
389 777 621 808 admirationem
637 779 702 817 ejus
718 784 845 814 naturae,
862 777 894 806 in
910 777 972 817 quir
987 776 1143 816 egregium

252 820 329 849 nihil
353 820 519 851 videmus?
555 822 639 851 Nam
667 820 877 862 superstitione
902 820 998 860 (quod
1022 820 1144 859 gloriari

252 863 366 901 soletis)
382 864 470 894 facile
487 870 530 894 est
544 864 675 902 liberari,
693 875 763 894 cum
779 863 934 894 sustuleris
947 872 1069 893 omnem
1083 862 1145 892 vim

252 906 402 936 Deorum.
427 907 497 937 Nisi
512 907 590 938 forte
606 907 785 948 Diagoram,
799 913 851 936 aut
863 906 1073 942 Theodorum,
1091 906 1145 946 qui

251 950 378 980 omnino
393 950 475 980 Deos
491 961 553 981 esse
565 952 728 991 negabant,
739 960 840 981 censes
853 949 1071 990 superstitiosos
1084 959 1145 979 esse

252 993 394 1033 potuisse.
427 994 497 1034 Ego
515 1004 552 1024 ne
569 994 767 1035 Protagoram
784 993 919 1034 quidem,
937 992 985 1022 cui
1001 998 1144 1022 neutrum

252 1036 386 1076 liquerit,
404 1047 458 1067 nec
474 1047 535 1067 esse
551 1037 644 1075 Deos,
666 1047 720 1066 nee
735 1047 796 1067 non
813 1046 883 1066 esse.
918 1036 1041 1066 Horum
1063 1035 1144 1065 enim

254 1080 410 1110 sententiae
422 1080 574 1117 omnium,
591 1090 651 1110 non
664 1080 754 1110 modo
767 1079 1009 1120 superstitionem
1021 1078 1144 1115 tollunt,

253 1123 286 1152 in
302 1123 364 1163 qua
379 1123 456 1153 inest
472 1123 562 1153 timor
577 1123 674 1153 inanis
690 1123 840 1159 Deorum,
857 1122 908 1152 sed
921 1122 1013 1152 etiam
1027 1121 1147 1162 religio-

254 1175 337 1203 nem,
355 1177 424 1207 quae
439 1166 577 1196 Deorum
594 1167 678 1196 cultu
694 1167 745 1207 pio
761 1165 941 1196 continetur.

298 1210 409 1247 Quid?
433 1209 465 1247 ii,
483 1210 537 1250 qui
552 1210 706 1247 dixerunt,
724 1215 819 1239 totam
832 1209 869 1238 de
882 1208 950 1238 Diis
966 1208 1146 1238 immortali-

253 1253 312 1283 bus
328 1252 503 1293 opinionem
519 1253 621 1282 fictam
638 1263 699 1283 esse
714 1254 753 1282 ab
768 1252 943 1282 hominibus
962 1251 1147 1292 sapientibus

255 1295 429 1336 reipublicae
450 1296 551 1333 causa,
574 1302 619 1332 ut,
644 1306 720 1336 quos
741 1295 816 1325 ratio
837 1305 897 1325 non
920 1301 1028 1336 posset,
1045 1305 1094 1324 eos
1110 1295 1148 1324 ad

254 1339 389 1368 officium
414 1339 519 1379 religio
543 1339 676 1375 duceret,
702 1349 803 1369 nonne
826 1348 949 1369 omnem
970 1338 1147 1378 religionem

254 1382 394 1412 funditus
419 1382 632 1413 sustulerunt?
666 1382 778 1420 Quid?
812 1382 959 1412 Prodicus
980 1382 1071 1418 Ceus,
1094 1382 1148 1422 qui

256 1436 301 1463 ea,
323 1436 393 1466 quae
413 1425 587 1466 prodessent
607 1426 769 1456 hominum
785 1425 865 1463 vitae,
883 1425 1021 1454 Deorum
1037 1424 1069 1454 in
1090 1434 1148 1454 1111--

254 1478 338 1498 mero
364 1468 468 1498 habita
494 1479 556 1498 esse
583 1468 672 1505 dixit,
701 1479 794 1509 quam
821 1468 944 1498 tandem
972 1468 1148 1507 religionem

254 1511 399 1552 reliquit?
423 1511 532 1549 Quid?
559 1512 613 1552 qui
634 1518 687 1542 aut
707 1512 809 1548 fortes,
832 1517 884 1541 aut
905 1512 1010 1547 claros,
1028 1517 1081 1540 aut
1095 1522 1149 1551 po-

255 1560 352 1585 tentes
378 1555 456 1585 viros
479 1555 604 1584 tradunt
626 1561 694 1595 post
716 1561 845 1584 mortem
872 1554 911 1584 ad
938 1554 1020 1584 Deos
1045 1564 1150 1595 perve-

255 1598 345 1635 nisse,
373 1608 483 1638 eosque
509 1609 571 1628 esse
597 1598 688 1638 ipsos,
713 1608 789 1639 quos
813 1608 867 1628 nos
891 1598 998 1634 colere,
1023 1597 1149 1638 precari,

257 1642 454 1682 venerarique
476 1641 637 1677 soleamus,
660 1651 762 1671 nonne
782 1647 918 1681 expertes
940 1646 1010 1670 sunt
1031 1640 1151 1680 religio-

257 1693 334 1713 num
351 1684 516 1714 omnium?
541 1696 610 1725 quae
631 1685 707 1714 ratio
728 1684 864 1714 maxime
884 1689 1010 1713 tractata
1031 1685 1069 1713 ab
1084 1683 1151 1713 Eu·-

256 1726 379 1758 hemero
395 1733 460 1765 est;
485 1738 578 1768 quem
597 1733 698 1759 noster
715 1733 746 1758 et
761 1727 974 1768 interpretatus
989 1732 1019 1757 et
1033 1731 1152 1758 secutus
