1226 1935
247 73 373 105 TUSC.
388 73 562 112 QUAEST.
581 73 660 105 Lm.
678 73 725 105 11.
743 73 828 105 CAP.
848 75 878 105 6.
949 75 1010 105 159

119 157 215 195 Quod
230 165 274 190 est
288 160 369 190 enim
384 161 484 199 majus
499 165 726 201 argumentum,
749 160 826 191 nihil
851 170 919 191 cam
941 170 1012 201 pro-

120 201 215 249 desse,
232 212 326 243 quam
341 203 489 244 quosdam
505 203 650 244 perfectos
671 203 866 244 philosophos
886 203 1014 244 turpiter

122 254 221 275 vivere
233 247 246 275 ?

163 288 307 319 stlat-cus.
331 289 465 319 Nullum
491 299 561 319 vero
586 289 618 319 id
642 289 767 330 quidem
793 294 1011 330 argumentum

121 335 174 367 est.
200 331 296 367 Nam,
314 338 348 361 ut
363 332 428 372 agri
443 342 504 362 non
516 342 621 362 omnes
636 332 774 372 frugiferi
795 337 876 370 sunt,
898 331 952 373 qui
967 342 1016 361 co-

118 372 235 411 luntur,
252 374 439 416 (falsumque
453 375 531 405 illud
549 374 599 414 [ac
614 375 782 417 improbe,]

163 447 186 464 “
202 445 271 476 Etsi
286 446 317 476 in
333 452 463 487 segetem
479 453 550 478 sunt
564 447 745 478 deteriorem
762 446 841 477 datae

164 488 292 530 Fruges,
309 496 410 520 tamen
425 490 498 532 ipsae
514 491 621 532 suapte
637 491 747 521 natura
763 489 918 530 enitent'’)

120 548 164 580 sic
178 549 273 580 animi
287 560 348 580 non
370 560 476 581 ornnes
496 551 570 581 culti
589 550 723 581 fructum
743 550 855 581 ferunt.
893 551 1013 590 Atque,

123 594 173 626 (ut
187 592 219 622 in
235 593 340 624 eodem
356 593 447 624 simili
463 599 573 632 verser)
588 601 624 624 ut
639 604 720 634 ager,
743 593 883 634 quamvis
898 592 1015 629 fertilis,

124 635 188 665 sine
203 636 323 666 cultura
337 636 508 667 fructuosus
523 647 585 667 esse
599 647 661 667 non
672 642 790 678 potest;
815 636 857 667 sic
869 636 932 667 sine
948 635 1019 665 doc-

124 678 206 708 trina
225 679 346 710 animus
359 691 367 709 ε
391 679 434 710 ita
449 686 493 710 est
507 685 636 721 utraque
650 690 697 710 res
713 680 776 710 sine
791 679 886 710 altera
901 678 1018 709 debilis.

125 720 256 752 Cultura
270 728 373 753 autem
388 722 484 752 animi
498 722 691 763 philosophia
706 728 759 753 est.
794 722 872 753 Haec
887 721 1019 752 extrahit

125 764 200 794 vitia
213 765 368 803 radicitus,
385 771 415 795 et
429 772 579 806 praeparat
593 766 711 796 animos
726 765 765 795 ad
781 770 862 796 satus
874 764 1022 806 accipien-

125 806 179 837 dos
193 818 203 843 ;
227 818 322 848 eaque
338 808 464 838 mandat
479 808 538 845 his,
555 814 595 844 et,
612 814 647 838 ut
661 808 704 839 ita
718 808 829 846 dicam,
847 808 928 845 serit,
951 818 1021 848 quae

125 849 230 880 adulta
244 851 360 882 fructus
374 851 542 881 uberrimos
557 851 666 881 ferant.
704 851 847 891 Agamus
861 851 965 891 igitur,
982 855 1018 880 ut

125 893 291 933 coepimus:
316 894 375 931 dic,
392 894 418 924 si
432 894 488 933 vis,
504 894 542 924 de
557 904 619 934 quo
634 893 784 935 disputari
799 893 882 925 velis.

169 936 209 967 V.
220 937 368 968 Auditor.
379 936 525 968 Dolorem
536 937 676 967 existimo
684 937 858 967 maximum
867 936 1021 966 malorum

123 979 274 1010 omnium.
306 981 450 1010 Marcus.
479 980 624 1011 Etiamne
635 981 747 1020 majus,
759 990 852 1021 quam
868 979 996 1009 dedecus
1008 980 1023 1009 Ρ

124 1022 271 1054 Auditor.
296 1023 370 1054 Non
385 1023 481 1054 audeo
495 1023 528 1054 id
543 1023 641 1054 dicere
653 1023 776 1064 quidem
791 1034 800 1060 ;
825 1029 855 1053 et
863 1032 914 1053 me
923 1022 1019 1063 pudet

123 1071 188 1096 tam
203 1066 262 1096 cito
277 1066 314 1096 de
326 1067 474 1097 sententia
483 1077 545 1097 esse
557 1067 718 1107 dejectum.
743 1068 789 1097 M
788 1076 888 1096 arcus.
913 1064 1019 1105 Magis

124 1114 200 1139 esset
224 1109 415 1150 pudendum,
441 1110 466 1140 si
485 1110 518 1140 in
540 1110 687 1140 sententia
702 1119 902 1151 permaneres.
936 1107 1023 1145 Quid

125 1152 207 1182 enim
223 1153 326 1183 minus
341 1159 384 1183 est
398 1153 539 1193 dignum,
556 1163 650 1194 quam
665 1153 721 1183 tibi
741 1153 829 1194 pejus
850 1151 1021 1193 quidquam

126 1195 221 1226 videri
238 1195 392 1235 dedecore,
415 1197 542 1237 flagitio,
558 1196 773 1237 turpitudine?
798 1206 867 1236 quae
889 1200 925 1225 ut
945 1193 1024 1224 effu-

126 1238 202 1279 gias,
227 1239 294 1280 quis
315 1245 369 1277 est,
392 1249 454 1269 non
475 1239 567 1270 modo
587 1249 649 1269 nou
670 1239 864 1275 recusandus,
890 1237 943 1268 sed
964 1246 1026 1266 non

126 1281 206 1312 ultro
236 1282 434 1323 appetenduS‚
465 1282 653 1320 subeundus,
685 1282 881 1323 excipiendus
910 1280 997 1310 dolor
1009 1281 1023 1310 ἓ

127 1324 274 1354 Auditor.
299 1326 349 1356 Ita
372 1336 495 1367 prorsus
519 1325 679 1356 existimo:
705 1335 810 1366 quare,
835 1334 875 1354 ne
898 1323 937 1354 sit
956 1332 1028 1353 sane

126 1378 286 1398 summum
300 1369 419 1399 malum
434 1369 520 1399 dolor
532 1380 541 1398 z
565 1369 685 1398 malum
700 1374 779 1399 certe
794 1373 848 1397 est.
876 1367 1023 1397 Marcus.

127 1410 262 1442 Videsne
276 1411 380 1452 igitur,
398 1418 560 1452 quantum,
576 1411 707 1442 breviter
721 1410 908 1447 admonitus,
921 1409 959 1439 de
970 1408 1026 1438 do-

127 1453 200 1484 loris
216 1461 326 1485 terrore
341 1454 483 1494 dejeceris
494 1457 508 1485 ῖ)
542 1454 692 1484 Auditor.
725 1453 826 1485 Video
841 1453 950 1493 plane:
975 1451 1029 1482 sed

128 1497 198 1537 plus
223 1497 368 1528 desidero.
410 1499 557 1528 Μἀνειιε.
597 1497 748 1538 Experiar
779 1496 941 1537 equidem:
977 1494 1028 1524 sed

128 1549 241 1580 magna
255 1551 300 1570 res
315 1546 378 1575 este.
403 1541 567 1581 animoque
582 1540 660 1570 mihi
676 1550 753 1580 opus
774 1545 818 1570 est
833 1549 894 1569 non
916 1548 1028 1578 repug-

128 1589 229 1613 nante.
253 1584 282 1613 A
288 1585 398 1613 aditor.
424 1584 561 1614 Habebis
582 1583 614 1613 id
638 1583 773 1624 quidem.
800 1582 844 1612 Ut
861 1581 942 1612 enim
959 1580 1024 1610 heri

128 1625 197 1663 feci,
215 1626 256 1656 sie
276 1636 358 1657 nunc
375 1626 536 1666 rationem,
553 1636 616 1668 quo
637 1636 673 1657 ea
695 1636 745 1657 me
766 1635 900 1666 cumque
921 1623 1025 1662 ducet,

133 1679 253 1709 sequar.

173 1712 234 1743 VI.
267 1713 411 1743 stlarcus.
445 1712 588 1743 Primum
618 1711 713 1752 igitur
748 1711 786 1741 de
823 1709 1030 1741 imbecillitate

127 1755 310 1795 multorum,
335 1761 365 1787 et
390 1755 428 1786 de
454 1755 543 1786 variis
567 1755 733 1796 disciplinis
759 1752 1025 1796 philosophorum,
