1226 1935
289 81 413 114 Tusc.
429 81 603 121 QUAEsT.
621 82 699 113 Lm.
718 82 919 115 wem-,112
987 85 1050 115 269

158 168 261 200 omnia
276 169 395 207 referre,
415 179 484 210 quae
499 170 572 209 agit,
589 179 719 210 quaeque
734 170 847 200 sentit?
872 169 979 200 Refert
993 181 1048 201 au-

157 217 219 242 tem
246 212 349 242 omnia
378 212 416 242 ad
439 213 524 242 beate
549 212 733 242 vivendum:
759 214 846 243 beata
871 213 964 253 igitur
986 214 1047 244 vita

156 254 340 291 laudabilis3
375 265 430 286 nec
453 255 622 296 quidquam
647 255 710 285 sine
734 255 845 286 virtute
869 256 1044 287 laudabile:

156 299 244 328 beata
258 298 351 338 igitur
363 298 424 329 vita
440 298 549 328 virtute
565 298 729 328 conficitur.

200 341 313 372 XVII.
336 342 443 382 Atque
463 341 520 371 hoc
535 341 576 371 sic
591 341 682 371 etiam
698 341 905 372 concluditur:
932 342 998 373 Nec
1013 342 1045 373 in

156 383 267 414 misera
288 385 350 414 vitai
371 384 540 425 quidquam
562 390 605 414 est
626 385 817 425 praedicabile
839 390 891 414 aut
913 386 1046 426 glorian-

154 426 251 463 dum3
276 428 373 458 necin
385 427 420 457 ea
436 438 505 468 quae
519 437 573 457 nec
585 427 694 457 misera
706 428 743 458 sit
758 437 813 458 nec
827 429 923 458 beata.
948 428 991 458 Et
1003 434 1046 459 est

156 469 189 499 in
205 470 308 511 aliqua
324 471 385 501 vita
405 470 596 511 praedicabile
619 471 745 511 aliquid,
765 476 818 501 aut
838 471 1043 511 gloriandum,

153 522 189 543 ac
203 523 266 553 prae
281 523 312 543 se
326 513 484 544 ferendum
496 525 503 543 :
528 518 563 543 ut
579 513 820 554 Epaminondas,

197 568 220 585 “
237 567 377 598 Consiliis
392 567 499 599 nostris
513 568 580 598 laus
595 573 639 598 est
654 573 771 598 attonsa
786 568 946 598 Laconum
957 568 990 598 :'’

153 626 189 651 ut
203 620 379 659 Africanus,

198 680 221 698 “
236 680 269 710 A
286 680 347 710 sole
362 680 524 718 exoriente,
542 691 633 722 supra
648 681 767 711 Maeoti’
782 682 919 722 paludes,

282 723 385 753 Nemo
396 730 450 762 est,
467 724 521 765 qui
535 724 621 754 factis
635 735 685 754 me
700 725 883 766 aequiperare
895 726 1021 766 queat.''

152 776 247 816 Quod
268 777 292 807 si
311 783 365 815 est,
387 779 475 808 beata
496 779 557 808 vita
576 779 733 819 glorianda
751 785 779 809 et
794 779 996 820 praedicanda,
1013 785 1042 809 et

153 831 216 861 prae
231 831 262 851 se
276 820 399 850 ferenda
413 827 455 851 est
468 833 475 851 :
500 821 577 851 nihil
592 828 636 852 est
651 822 731 851 enim
746 822 841 859 aliud,
861 822 944 862 quod
964 833 1042 863 prae-

153 863 329 902 dicandum,
347 869 376 894 et
390 875 453 904 prae
473 875 504 894 se
522 864 681 895 ferendum
701 864 747 895 sit.
783 865 906 902 Quibus
925 865 1041 906 positis,

152 906 307 947 intelligis,
335 907 409 948 quid
433 913 594 948 sequatur:
628 913 657 938 et
680 907 815 949 quidem,
840 908 897 938 nisi
921 919 956 938 ea
980 909 1043 938 vita

152 951 241 981 beata
256 955 310 987 est,
327 961 396 991 quae
411 956 455 981 est
469 950 573 980 eadem
596 951 741 987 honesta3
766 951 803 981 sit
821 950 904 981 aliud
924 961 1042 982 neccsse

153 999 198 1023 est
223 993 332 1023 melius
358 993 421 1023 viti»
445 994 542 1023 beat-21.
568 993 662 1031 Quod
684 994 739 1024 erit
759 994 840 1024 enim
867 994 1040 1031 honestum,

152 1042 231 1067 certe
245 1036 421 1066 fatebuntur
435 1047 496 1067 esse
511 1037 629 1067 melius.
664 1038 712 1067 Ita
727 1037 782 1067 erit
796 1037 885 1067 beata
900 1037 963 1068 vit&
977 1047 1041 1067 me-

153 1080 212 1110 lius
224 1079 339 1120 aliquid
350 1090 360 1115 ς
378 1090 438 1120 quo
449 1079 522 1120 quid
534 1086 631 1121 potest
642 1080 701 1110 dici
711 1080 877 1121 perversius
889 1082 902 1111 ἒ
927 1080 1013 1118 Quid
1025 1083 1039 1111 :³

153 1133 224 1154 cum
240 1123 374 1153 fatentur
388 1123 459 1153 satis
473 1133 618 1164 magnam
634 1123 696 1153 vim
712 1134 774 1154 esse
788 1123 820 1153 in
836 1123 914 1154 vitiis
929 1123 968 1153 ad
982 1124 1041 1153 mi·

153 1177 250 1196 seram
271 1166 377 1203 vitam,
394 1176 493 1196 nonne
513 1166 671 1196 fatendum
692 1172 746 1205 est,
763 1166 901 1196 eamdem
924 1167 987 1196 vim
1007 1167 1039 1196 in

151 1210 262 1240 virtute
277 1219 338 1239 esse
353 1209 392 1239 ad
412 1211 532 1240 beatam
553 1209 647 1240 vitam
659 1211 673 1240 ?
706 1209 935 1241 Contrariorum
957 1209 1039 1240 enim

149 1252 297 1283 contraria
309 1258 379 1282 sunt
394 1253 613 1293 consequentia.
647 1253 719 1291 Quo
734 1253 799 1283 loco
814 1263 928 1294 quaero,
945 1263 1038 1293 quam

151 1296 214 1326 vim
237 1295 346 1326 habeat
365 1295 443 1326 libra
464 1296 518 1326 illa
539 1296 676 1333 Critolai,
693 1296 747 1337 qui
767 1306 838 1326 cum
859 1296 890 1325 in
911 1295 1038 1326 alteram

149 1340 267 1370 lancem
283 1338 378 1368 animi
392 1340 472 1369 bona
493 1339 641 1380 imponat,
658 1339 689 1369 in
712 1340 837 1370 alteram
859 1339 988 1379 corporis
1009 1345 1038 1369 et

150 1388 295 1418 externa;
320 1388 439 1412 tantum
461 1382 646 1423 propendere
668 1383 754 1412 illam
772 1384 922 1413 bonorum
942 1382 1038 1412 animi

149 1425 268 1457 lancem
283 1430 380 1466 putet,
397 1431 431 1455 ut
446 1432 555 1455 terram
572 1432 601 1455 et
615 1426 712 1456 maria
726 1425 884 1466 deprimat.

193 1468 325 1499 XVIII.
361 1468 447 1506 Quid
462 1479 532 1509 ergo
547 1474 600 1498 aut
614 1469 696 1499 hunc
711 1468 861 1509 prohibet„
878 1474 931 1498 aut
946 1468 1036 1498 etiam

150 1512 352 1544 Xenocratem
367 1512 456 1541 illum
474 1512 687 1552 gravissimum
707 1511 968 1552 philosophorum,
985 1521 1031 1540 ex-

150 1561 344 1597 aggerantem
360 1561 514 1596 tantopere
529 1555 683 1592 virtutcm,
701 1560 915 1585 extenuantem
931 1559 1037 1584 caetera

149 1606 179 1630 et
194 1598 398 1637 abjicientem,
414 1597 445 1627 in
463 1598 574 1629 virtute
595 1608 655 1628 non
676 1599 796 1628 beatam
818 1597 908 1627 modo
929 1596 1034 1633 vitam,

149 1642 201 1673 sed
224 1641 315 1671 etiam
329 1641 545 1678 beatissimam,
564 1643 702 1682 ponere?
726 1640 820 1678 Quod
836 1640 960 1681 quidem
979 1640 1036 1670 nisi

149 1685 233 1725 [sit,]
251 1684 398 1714 virtutum
413 1684 551 1714 interitus
561 1690 767 1724 consequetur.
794 1684 888 1720 Nam,
900 1683 930 1712 in
945 1693 1035 1723 quem

149 1728 229 1760 cadit
250 1727 408 1768 zrgritudo,
429 1727 460 1757 in
484 1727 625 1757 eumdem
648 1732 765 1756 metum
792 1726 896 1757 cadere
920 1735 1036 1756 necesse

145 1779 208 1804 est:
233 1776 276 1802 est
292 1770 372 1801 enim
388 1776 488 1801 metus
502 1770 613 1801 futurae
632 1769 819 1810 aegritudinis
840 1769 965 1800 sollicita
984 1779 1036 1799 ex-

670 1814 689 1842 2
707 1823 728 1843 A
752 1814 771 1841 3
