1226 1935
227 109 265 139 12
362 109 423 140 DE
448 109 646 148 FINIBUS,
664 110 743 141 Lm.
762 110 827 141 ΙΙΙ.
845 111 928 143 ΟΑΡ.
946 113 975 142 8.

225 206 294 235 quae
317 202 401 226 erant
417 202 527 233 sumta,
543 197 574 227 in
591 207 624 227 eo
640 197 721 227 vides
737 206 798 227 esse
813 198 997 228 conclusum.
1022 196 1109 227 Duo-

222 248 292 268 rum
314 245 427 277 autem,
455 250 471 269 e
497 240 608 280 quibus
634 240 738 270 effecta
761 241 911 270 conclusio
932 246 985 275 est„
1008 247 1110 271 contra

222 281 359 322 superius
373 282 431 312 dici
448 283 532 320 solet,
550 293 609 313 non
625 293 715 313 omne
730 284 844 312 bonum
861 294 922 313 esse
937 284 1108 313 laudabile:

222 327 307 357 (nam
329 326 411 365 quod
428 326 581 355 laudabile
597 325 644 361 sit,
660 326 820 355 honestum
837 336 898 356 esse
913 327 1110 362 conceditur.)

222 367 306 397 Illud
316 374 417 398 autem
430 368 660 408 perabsurdum,
677 370 793 398 bonum
809 379 870 398 esse
885 369 1011 409 aliquid,
1028 369 1111 409 quod

220 418 281 440 non
308 411 511 450 expetendum
538 412 595 447 sit3
625 417 678 441 aut
704 411 918 451 expetendum,
944 411 1025 452 quod
1050 421 1110 441 non

220 453 360 493 placen83
386 460 450 491 aut,
466 455 490 484 si
509 453 551 491 id,
574 463 634 483 non
655 454 745 484 etiam
762 454 970 494 diligendum:
996 465 1065 494 ergo
1082 460 1111 484 et

219 496 430 535 probandum:
455 497 498 526 ita
520 497 610 527 etiam
631 496 802 526 laudabile:
828 497 859 526 id
880 503 980 526 autem
1002 497 1110 527 hones-

219 543 298 568 tum.
322 539 371 570 Ita
386 539 431 579 fit,
447 545 492 578 ut,
506 540 588 581 quod
599 541 715 570 bonum
731 540 780 577 sit,
797 539 828 569 id
844 540 935 569 etiam
947 540 1109 570 honestum

220 587 268 611 stt.

263 624 383 656 Deinde
395 636 509 666 quaero,
534 626 601 666 quis
613 630 665 655 aut
680 624 717 654 de
732 624 842 655 miserit
857 625 919 654 vita
935 624 1028 665 possit
1044 625 1110 665 glo-

218 666 300 704 riari,
323 675 376 698 aut
398 678 458 698 non
480 669 518 698 de
538 668 650 698 beata?
675 667 724 697 De
744 668 807 697 sola
830 668 923 708 igitur
940 669 1047 697 beata:
1072 678 1110 698 ex

220 720 281 750 quo
297 711 433 748 efficitur,
458 711 635 751 gloriatione
648 713 695 743 (ut
710 710 752 740 ita
772 711 884 747 dicam)
906 710 1030 750 dignam
1047 721 1110 741 esse

218 753 337 783 beatam
354 754 447 784 vitam
461 765 470 789 3
495 754 576 794 quod
592 763 651 783 non
664 753 757 793 possit
771 753 895 794 quidem
907 753 964 783 nisi
976 753 1108 783 honestae

218 795 288 825 vitae
306 797 374 835 jure
394 797 574 836 contingere.
600 797 649 826 Ita
672 796 717 831 fit,
739 803 774 826 ut
797 796 921 826 honesta
941 796 1002 826 vita
1020 797 1108 826 beata

218 838 280 868 vita
292 839 337 869 sit.
362 839 405 869 Et
417 840 560 880 quoniam
573 839 609 877 is,
626 838 674 869 cui
684 839 820 879 contigit,
832 845 865 868 ut
875 840 943 878 jure
954 839 1106 876 laudetur,

218 880 311 911 habet
322 882 438 922 insigne
454 882 600 923 quiddam
613 881 651 911 ad
663 881 752 911 decus
765 888 794 911 et
804 882 843 911 ad
857 882 996 921 gloriam,
1010 888 1054 918 ut,
1068 884 1107 912 ob

219 934 254 953 ea
274 935 343 964 quae
358 931 442 955 tanta
457 926 526 961 sint,
544 927 650 955 beatus
668 924 726 953 dici
745 925 814 963 jure
836 925 949 965 possit;
974 924 1053 954 idem
1070 925 1108 954 de

216 966 277 996 vita
301 968 368 998 talis
393 968 448 998 viri
470 968 632 998 rectissime
657 967 775 996 dicitur.
800 967 859 1004 lta‚
882 967 906 997 si
931 969 1019 997 beata
1046 968 1107 997 vita

216 1008 372 1040 honestate
388 1011 529 1048 cernitur,
544 1010 625 1051 quod
636 1009 798 1040 honestum
814 1016 867 1049 est,
883 1010 914 1040 id
930 1011 1045 1040 bonum
1061 1021 1110 1040 so-

217 1052 282 1082 lum
295 1053 471 1083 habendum
484 1059 536 1083 est.

270 1096 364 1133 Quod
379 1107 449 1127 vero
469 1097 572 1137 negari
593 1096 678 1126 nullo
699 1096 790 1126 modo
811 1096 914 1137 possit,
937 1106 1029 1136 quem
1049 1106 1107 1126 un-

216 1148 310 1178 quam
332 1140 432 1169 stabili
449 1145 477 1169 et
492 1139 580 1169 firmo
599 1146 628 1169 et
639 1150 752 1180 magno
763 1140 875 1175 animo,
892 1149 983 1179 quem
997 1139 1106 1169 fortem

215 1181 315 1211 virum
331 1182 461 1212 dicimus
481 1182 556 1212 effici
571 1193 667 1222 posse,
689 1183 747 1212 nisi
763 1183 959 1212 constitutum
976 1182 1024 1219 sit,
1042 1192 1102 1212 non

215 1234 277 1254 esse
285 1225 403 1254 malum
416 1225 549 1255 dolorem
564 1227 577 1255 ἓ
608 1225 652 1255 Ut
665 1226 758 1261 enim,
770 1225 823 1266 qui
834 1230 961 1254 mortem
974 1225 1004 1253 in
1016 1225 1106 1254 malis

214 1267 311 1306 ponit,
328 1277 388 1297 non
403 1274 501 1309 potest
523 1278 589 1298 eam
605 1277 665 1297 non
682 1268 807 1303 timere3
832 1268 873 1297 sic
888 1277 978 1297 nemo
993 1268 1080 1296 ulla*
1073 1278 1103 1297 ιη

215 1319 247 1339 re
263 1316 360 1350 potest
374 1310 416 1348 id,
434 1311 515 1351 quod
531 1311 648 1340 malum
671 1321 731 1341 esse
753 1311 896 1347 decernit
913 1320 972 1340 non
989 1320 1104 1349 curare,

214 1351 306 1392 idque
327 1360 536 1384 contemnere:
562 1364 622 1402 quo
642 1354 749 1394 posito,
769 1359 797 1383 et
822 1354 960 1383 omnium
982 1363 1103 1383 assensu

214 1396 391 1435 approbato,
408 1397 485 1426 illud
502 1397 676 1435 assumitur,
690 1407 772 1433 eum,
789 1397 842 1445 qui
857 1406 968 1436 magno
985 1396 1022 1425 sit
1039 1397 1104 1425 ani-

214 1447 266 1467 mo
281 1444 372 1478 atque
384 1439 464 1475 forti,
481 1440 593 1476 omnia,
611 1450 679 1480 quae
694 1440 797 1470 cadere
817 1440 847 1468 in
864 1439 1018 1468 hominem
1035 1448 1104 1479 pos-

213 1480 283 1517 sint,
305 1481 465 1522 despicere,
489 1488 518 1512 et
539 1492 593 1522 pro
616 1483 711 1512 nihilo
731 1488 845 1522 putare.
870 1481 951 1519 Quae
971 1491 1040 1511 cum
1062 1481 1104 1512 ita

213 1523 283 1560 sint,
306 1524 445 1554 effectum
464 1531 517 1562 est,
535 1525 610 1554 nihil
628 1536 690 1555 esse
702 1526 830 1561 malum,
844 1524 926 1565 quod
938 1530 1026 1564 turpe
1041 1534 1102 1554 non

213 1565 260 1596 sit.
284 1566 390 1607 Atque
405 1568 459 1598 iste
475 1568 519 1598 vir
538 1568 617 1597 altus
640 1574 669 1598 et
685 1569 843 1604 excellens,
860 1577 972 1607 magno
987 1567 1101 1604 animo,

212 1618 281 1638 vere
302 1609 398 1646 fortis,
420 1610 499 1640 infra
519 1621 550 1641 se
571 1611 674 1640 omnia
694 1611 830 1640 humana
849 1610 971 1645 ducens,
990 1610 1038 1647 (is,
1056 1610 1103 1639 in-

212 1662 318 1691 quam,
332 1663 422 1693 quem
439 1653 553 1683 efficere
568 1655 720 1689 volumus,
733 1664 823 1694 quem
835 1653 1000 1693 quaerimus
1011 1658 1102 1689 certe)

214 1700 243 1723 et
255 1694 404 1726 confidere
420 1696 475 1726 sibi
487 1696 586 1733 debet,
604 1703 632 1726 et
650 1707 712 1725 sua>
728 1697 796 1726 vitae
813 1702 841 1726 et
856 1702 929 1726 actae
950 1702 978 1725 et
1001 1705 1103 1725 conse·

212 1737 332 1777 quenti,
355 1744 384 1769 et
406 1740 482 1770 bene
501 1739 537 1769 de
555 1750 585 1770 se
605 1739 751 1779 judicare,
775 1745 907 1770 statuens
927 1738 1003 1768 nihil
1028 1738 1102 1768 mali
