1226 1935
240 80 303 112 262
369 79 494 111 TUSC.
511 80 684 119 QUAEST.
702 79 781 111 Lm.
793 80 833 111 V.
848 79 930 112 CAP.
952 81 998 110 10.

240 165 279 195 tis
303 166 392 196 malis
416 167 570 216 omnibus,
595 166 750 197 cumulata
775 167 924 198 bonorum
944 164 1127 214 complexio.

239 208 330 239 Hanc
345 210 463 250 assequi
478 210 583 249 virtus,
597 211 621 240 si
637 210 805 251 quidquam
821 215 928 250 proetex·
942 208 1039 249 ipsam
1054 206 1127 237 boni

239 257 294 289 est,
312 262 371 282 non
388 259 493 293 potest.
518 253 629 283 Aderit
650 253 732 283 enim
753 253 904 283 malorum
921 252 959 286 (si
973 251 1055 280 mala
1074 250 1128 280 illa

238 294 392 332 ducimus)
409 297 498 326 turba
512 296 665 337 quaedam,
681 302 853 337 paupertas,
870 294 1053 335 ignobilitas,
1070 293 1128 322 hu-

238 337 363 376 militas,
395 339 536 377 solitudo,
564 340 685 369 amissio
715 349 850 376 suorum,
878 348 950 378 grav
953 348 983 368 es
1013 336 1129 366 dolores

240 382 382 421 corporis,
404 393 456 422 pn)
458 382 520 412 dita
538 382 690 430 valetudo,
708 382 857 419 debilitas,
880 391 905 410 e
905 381 1005 417 ecitas,
1027 379 1130 409 interi-

240 429 288 454 tus
304 425 419 472 patriae,
437 425 590 463 exsilium,
608 425 733 455 servitus
750 424 964 465 denique.1n
980 423 1026 453 his
1043 427 1086 452 tot
1102 427 1131 451 et

241 467 342 505 tantis,
365 474 457 508 atque
472 468 563 498 etiam
584 479 653 509 quae
668 468 756 508 plura
771 473 897 508 possunt
916 466 1059 503 accidere,
1076 475 1131 505 po-

241 515 298 539 test
320 520 382 540 esse
405 511 541 551 sapiens:
566 521 638 541 nam
659 511 680 540 h
683 521 723 541 aec
744 521 800 540 cas
797 521 842 540 15
847 510 1002 550 importat,
1024 508 1077 549 qui
1098 507 1129 537 in

241 553 407 593 sapientem
422 560 519 594 potest
534 554 692 584 incurrere.
716 554 762 583 At
783 553 807 583 si
823 564 857 583 ea
872 553 953 582 mala
969 557 1049 587 sunt,
1064 551 1131 592 quis

241 601 339 636 potest
350 603 501 637 praestare,
518 597 683 637 sapientem
700 607 817 636 semper
830 597 952 625 beatum
968 595 1042 633 fore,
1059 604 1129 625 cum

243 639 290 668 vel
305 639 336 668 in
353 639 494 670 omnibus
510 640 556 670 his
572 650 633 670 uno
649 645 783 680 tempore
799 649 860 669 esse
875 637 989 679 possit?

288 682 360 711 Non
376 682 469 723 igitur
484 683 570 713 facile
585 682 726 720 concedo,
743 692 841 722 neque
860 682 959 712 Bruto
979 691 1059 718 meo,
1081 690 1133 710 ne-

244 735 305 765 que
331 726 544 755 communibus
573 726 735 766 magistris,
763 735 860 765 neque
886 724 1035 754 veteribus
1061 723 1132 760 illis,

245 768 415 806 Aristoteli,
448 769 628 810 Speusippo,
667 769 842 806 Xenocrati,
880 767 1049 804 Polemoni,
1088 772 1134 804 ut,

245 821 315 841 cum
332 822 377 849 ea,
395 823 463 852 quae
482 823 573 853 supra
594 812 778 847 enumeravi⁷
799 811 831 840 in
852 810 940 840 malis
963 815 1134 847 numerent,

244 853 338 883 iidem
353 854 464 892 dicant,
482 866 599 896 semper
614 857 738 885 beatum
754 865 815 884 esse
831 854 1005 894 sanientem.
1047 853 1135 891 Quos

245 897 272 926 si
287 897 394 928 titulus
409 898 458 928 hic
473 897 619 929 delectat'
612 898 738 938 insignis
754 903 783 928 et
797 897 933 938 pulcher,
948 895 1134 937 Pythagora,

246 940 378 977 Socrate,
404 941 543 978 Platone,
568 941 784 982 dignissimus·
776 964 785 976 ‚
818 940 963 970 inducant
985 939 1135 976 animum,

247 983 312 1021 illa,
338 992 469 1024 quorum
494 985 651 1025 splendore
677 984 848 1025 capiuntur,
874 983 961 1021 vires,
989 982 1136 1012 valetudi-

247 1035 330 1063 nem,
356 1027 625 1067 pulchritudinem,
650 1027 782 1065 divitias,
807 1026 947 1062 honores,
971 1036 1042 1066 opes
1067 1035 1137 1055 con-

248 1074 392 1109 temnere,
419 1081 525 1111 eaque,
548 1082 616 1111 quae
639 1070 686 1100 his
705 1069 853 1100 contraria
873 1069 943 1107 sint,
962 1079 1017 1109 pro
1041 1068 1137 1098 nihilo

246 1112 364 1143 ducere.
398 1113 483 1143 Tum
503 1119 645 1162 poterunt
665 1113 821 1144 clarissim
813 1125 831 1142 ι
851 1122 922 1142 voce
943 1111 1086 1152 profiteri,
1109 1122 1139 1141 se

249 1165 348 1196 neque
372 1156 501 1186 fortunae
522 1157 650 1197 impetu,
676 1166 731 1186 nec
754 1155 960 1185 multitudinis
978 1154 1136 1203 opinione,

251 1208 306 1228 nec
321 1198 435 1237 dolore,
452 1210 550 1248 neque
565 1205 741 1240 paupertate
757 1198 877 1228 terreri:
902 1198 1067 1238 omniaque
1082 1197 1139 1227 sibi

250 1241 282 1270 in
295 1252 357 1272 sese
373 1253 434 1272 esse
450 1243 546 1283 posita
558 1254 566 1279 ;
590 1253 688 1283 neque
701 1252 762 1272 esse
777 1241 945 1282 quidquam
956 1246 1041 1271 extra
1052 1250 1139 1270 suam

249 1290 440 1325 potestatem,
458 1286 539 1326 quod
555 1286 666 1315 ducant
681 1285 713 1315 in
728 1285 825 1316 bonis.

296 1327 458 1368 [Namque
473 1331 518 1370 et]
539 1329 604 1359 haec
624 1328 719 1369 loqui,
737 1339 806 1369 quae
826 1333 897 1358 sunt
915 1327 1021 1367 magni
1039 1327 1140 1366 cujus-

250 1370 322 1400 dam
339 1377 369 1401 et
383 1371 436 1401 alti
457 1372 524 1410 viri,
541 1378 570 1402 et
591 1371 708 1410 eadem,
731 1382 800 1412 quae
816 1371 936 1410 vulgus,
954 1370 985 1399 'm
1001 1370 1089 1400 malis
1112 1375 1141 1400 et

253 1414 340 1443 bonis
367 1424 536 1453 numerare,
564 1414 686 1445 concedi
711 1414 796 1443 nullo
821 1414 912 1443 modo
937 1418 1053 1454 potest:
1079 1413 1141 1453 qua

253 1457 351 1496 gloria
373 1464 542 1488 commotus
568 1457 721 1498 Epicurus
746 1457 889 1494 exoritur,
915 1456 964 1487 cui
987 1456 1078 1486 etiam
1103 1456 1142 1489 (si

252 1499 321 1529 Diis
336 1500 447 1541 placet)
459 1501 576 1531 videtur
593 1511 710 1541 semper
725 1500 842 1540 sapiens
857 1501 972 1530 beatus.
997 1499 1059 1529 llic
1074 1499 1141 1539 dig-

252 1542 347 1573 nitate
362 1543 454 1582 hujus
476 1544 630 1574 sententiae
645 1543 763 1584 capitur
776 1555 784 1573 ι
810 1543 861 1573 sed
875 1552 1035 1583 nunquam
1050 1542 1081 1572 id
1096 1541 1142 1571 di-

252 1591 342 1623 ceret,
359 1587 383 1615 si
398 1586 461 1627 ipse
477 1597 507 1617 se
523 1587 648 1617 audiret.
674 1586 758 1624 Quid
774 1592 817 1616 est
832 1586 925 1621 enim,
942 1585 1024 1626 quod
1039 1585 1142 1614 minus

254 1629 422 1665 conveniat,
439 1640 532 1670 quam
548 1636 583 1660 ut
597 1630 633 1666 is,
650 1630 704 1670 qui
725 1629 772 1659 vel
793 1638 949 1659 summum
973 1628 1020 1659 vel
1043 1629 1140 1658 solum

254 1672 373 1702 malum
394 1671 525 1702 dolorem
549 1684 611 1703 esse
630 1672 721 1711 (licat,
742 1672 824 1702 idem
845 1677 972 1709 censeat,
998 1674 1020 1689 “
1037 1671 1141 1708 Quam

255 1714 312 1746 hoc
327 1725 418 1746 suave
438 1724 481 1746 est
496 1716 527 1745 Γ·
551 1722 629 1753 tum,
651 1725 721 1746 cum
742 1714 843 1745 dolore
865 1714 1023 1751 crucietur,
1046 1714 1142 1744 dictu-
