1226 1935
238 66 300 97 DE
316 66 424 98 NAT.
443 65 580 96 DEOR.
607 65 687 94 Lm.
705 65 731 95 Ι.
750 64 832 94 ΟΑΡ.
851 65 904 94 25.
954 64 1018 99 317

128 162 283 194 repugno;
308 162 402 193 quam
423 158 456 182 tu
477 161 516 182 ne
536 151 568 181 in
589 150 658 181 Deo
679 149 804 190 quidem
827 160 890 180 esse
908 159 1020 187 censes,

129 196 186 226 nisi
208 195 298 236 plane
318 195 379 226 otio
402 195 555 235 langueat.
594 193 654 223 Sed
677 193 731 223 ubi
753 199 797 223 est
821 193 930 223 veritas
943 195 957 223 ἒ
983 193 1021 223 In

129 239 264 275 mundis,
291 238 390 276 credo,
412 236 697 273 innumerabilibus,
719 235 863 266 omnibus
887 235 1024 266 minimis

129 287 302 322 temporum
326 281 457 322 punctis,
481 280 548 310 aliis
570 279 774 316 nascentibus,
798 278 864 308 aliis
891 278 1025 308 cadenti-

129 326 207 360 bus;
242 334 280 354 an
314 324 345 353 in
372 323 536 354 individuis
563 322 758 363 corpuscuIiS,
789 328 851 352 tam
883 321 1026 361 pra-’clara

130 378 231 408 opera,
257 367 344 397 nulla
365 366 540 396 moderante
561 365 681 401 natura,
706 365 794 395 nulla
815 364 941 401 ratione,
967 364 1025 394 fin-

131 410 273 450 gentibus
287 412 301 440 ?
325 410 396 447 Sed,
414 410 526 440 oblitus
541 408 729 439 liberalitatis
745 418 832 444 meae,
849 406 912 447 qual
923 412 1024 437 tecum

134 453 227 494 paulo
242 458 311 483 ante
327 453 373 483 uti
393 463 552 493 coeperam,
575 451 665 492 plura
685 451 876 491 complector.
910 449 1026 480 Conce-

132 496 204 526 dam
219 496 323 536 igitur,
340 506 378 526 ex
399 495 564 526 individuis
585 500 719 525 constare
733 493 846 524 omnia.
887 492 973 530 Quid
988 492 1028 523 ad

132 549 196 570 reni
211 541 224 570 Ρ
249 539 388 570 Deorum
404 538 486 568 enim
501 544 610 568 natura
625 537 780 578 quaeritur.

177 582 245 612 Sint
271 592 342 612 sane
366 592 403 612 ex
424 581 551 612 atomis:
576 591 638 611 non
664 580 758 620 igitur
780 579 893 610 aeterni.
934 578 1030 616 Quod

136 625 219 656 enim
235 636 272 656 ex
288 625 397 655 atomis
418 625 467 663 sit,
490 624 521 654 id
536 629 643 654 natum
659 622 824 664 aliquando
842 622 889 652 sit.
928 621 961 652 Si
977 632 1031 652 na-

136 674 215 705 tum,
232 668 311 698 nulli
326 668 381 698 Dii
392 673 462 698 ante
477 677 570 708 quam
583 667 647 697 nati
661 678 669 696 :
694 674 734 703 et,
751 666 776 696 si
791 671 874 696 ortus
891 670 935 695 est
947 664 1032 695 Deo-

136 722 218 748 rum,
234 711 373 742 interitus
398 711 447 747 sit,
463 721 582 741 necesse
605 716 659 746 est,
678 715 712 739 ut
735 715 769 739 tu
793 709 886 749 paulo
908 714 978 738 ante
993 707 1032 738 de

137 754 274 785 Platonis
288 754 405 784 mundo
420 754 604 794 disputabas.
628 753 692 784 Ubi
701 752 793 793 igitur
804 751 881 781 illud
897 757 1031 781 vestrum

136 799 260 828 beatum
276 804 306 827 et
326 804 474 828 aeternum
488 799 502 828 Ρ
525 797 637 838 quibus
657 796 777 826 duobus
798 794 896 825 verbis
916 794 1033 834 signifi-

136 841 210 871 catis
226 840 349 871 Deum:
375 840 458 881 quod
484 851 556 870 cum
580 840 695 870 efficere
719 838 822 873 vultis,
848 837 880 867 in
906 837 1034 868 dumeta

137 884 300 924 correpitis.
325 884 375 914 Ita
384 883 466 913 enim
478 883 608 921 dicebas,
624 892 686 912 non
702 892 810 922 corpus
826 891 887 911 esse
902 880 934 910 in
951 880 1031 919 Deo,

137 926 190 956 sed
205 927 292 967 quasi
309 937 416 968 corpus
429 937 439 963 ;
462 936 518 957 nec
533 926 724 967 sanguinem,
741 924 793 955 sed
808 924 896 965 quasi
911 923 1035 964 sangui-

135 979 218 1000 nem.

183 1012 292 1043 XXV.
305 1012 374 1043 Hoc
383 1023 517 1054 persaepe
528 1012 636 1049 facitis,
647 1017 693 1049 ut,
704 1021 775 1042 cum
785 1010 902 1051 aliquid
912 1020 973 1040 non
983 1019 1035 1040 ve-

139 1056 265 1087 risimile
280 1056 396 1094 dicatis,
410 1062 440 1086 et
449 1056 583 1096 effugere
592 1055 856 1096 reprehensionem
869 1053 978 1089 velitis,
992 1053 1038 1083 af-

139 1099 242 1129 feratis
258 1099 386 1140 aliquid,
408 1099 491 1140 quod
506 1099 631 1130 omnino
647 1108 685 1128 ne
700 1097 765 1128 fieri
781 1097 905 1138 quidem
920 1096 1034 1137 possit:

139 1148 174 1173 ut
197 1142 290 1172 satius
312 1142 404 1173 fuerit
423 1142 501 1172 illud
523 1142 637 1183 ipsum,
659 1141 696 1171 de
723 1151 784 1182 quo
810 1140 1034 1180 ambigebatur,

141 1185 312 1223 concedere,
335 1196 429 1226 quam
453 1191 517 1215 tam
541 1185 736 1226 impudenter
759 1183 913 1214 resistere:
949 1183 1034 1212 velut

141 1228 306 1269 Epicurus,
322 1239 393 1259 cum
414 1228 539 1267 videret,
557 1228 582 1258 si
597 1228 691 1258 atomi
707 1227 858 1258 ferrentur
883 1225 915 1255 in
934 1226 1038 1256 locum

140 1271 314 1302 ini'eriorem
329 1278 435 1312 suopte
450 1271 593 1312 pondere,
604 1271 683 1301 nihil
698 1270 761 1300 fore
772 1270 804 1299 in
820 1269 922 1299 nostra
937 1275 1038 1309 potes-

141 1320 213 1353 tate,
230 1314 313 1355 quod
328 1321 404 1345 esset
419 1325 525 1345 earum
538 1321 642 1345 motus
657 1319 754 1345 certus
778 1318 808 1343 et
831 1311 1036 1348 necessarius3

141 1358 268 1395 invenit,
285 1368 347 1398 quo
367 1358 459 1388 modo
479 1358 686 1388 necessitatem
708 1356 864 1396 effugeret,
887 1354 971 1396 quod
993 1355 1038 1385 vi-

143 1400 250 1431 delicet
266 1401 480 1431 Democritum
492 1401 622 1442 fugerat.
644 1400 704 1430 Ait
719 1405 869 1437 atomum,
881 1408 952 1428 cum
962 1408 1040 1438 pon-

142 1443 212 1474 dere
232 1450 262 1474 et
275 1444 422 1484 gravitate
436 1444 549 1474 directo
573 1444 715 1474 deorsum
738 1442 864 1479 feratur,
890 1441 1042 1471 declinare

143 1487 316 1528 paululum.
341 1487 412 1518 Hoc
427 1487 524 1518 dicere
539 1487 658 1528 turpius
673 1491 728 1523 est,
740 1495 834 1527 quam
850 1484 938 1521 illud,
956 1484 1039 1524 quod

143 1530 221 1567 vult,
238 1539 298 1560 non
314 1541 400 1571 posse
415 1530 584 1561 defendere.
618 1530 706 1561 Idem
721 1529 793 1559 facit
808 1534 913 1558 contra
927 1527 1040 1557 dialec-

141 1573 238 1608 ticos;
261 1583 280 1603 a
300 1574 412 1614 quibus
432 1584 504 1605 cum
523 1573 670 1604 traditum
693 1573 741 1610 sit,
758 1572 790 1602 in
813 1571 956 1602 omnibus
977 1570 1039 1600 dis-

141 1616 361 1655 junctionibus,
374 1617 406 1646 in
422 1617 546 1658 quibus,
562 1621 617 1646 aut
632 1618 737 1652 ctiam,
754 1619 809 1645 aut
826 1625 896 1650 mm,
912 1623 1039 1654 ponere-

143 1665 204 1696 tur,
221 1659 402 1690 alterutrum
423 1671 529 1691 verum
556 1671 638 1695 esse,
663 1658 832 1700 pertimuit,
855 1667 903 1692 ne,
926 1656 951 1686 si
971 1666 1042 1686 con-

147 1712 264 1732 cessum
286 1709 362 1733 esset
383 1703 560 1742 hujusmodi
583 1703 711 1743 aliquid,
736 1705 758 1719 ‘⁴
775 1702 844 1731 Aut
866 1700 946 1730 vivet
964 1710 1040 1736 cras,

147 1752 200 1776 aut
216 1755 277 1777 non
293 1746 383 1785 vivet,
401 1747 588 1788 Epicurus,''
607 1747 789 1777 alterutrum
811 1744 893 1775 fieret
908 1753 1043 1774 necessest

686 1790 706 1818 2
724 1797 745 1818 Ε
763 1789 783 1817 3
