1180 1935
171 35 232 67 DE
258 35 364 67 NAT.
381 34 518 68 DEOR.
536 35 615 66 Lm.
633 35 698 66 ΙΙΙ.
710 35 794 67 ΟΑΡ.
810 37 841 67 9.
885 35 948 71 407

64 122 224 153 oculorum
245 121 384 152 animum
406 120 554 152 abducere
576 121 789 152 difficillimum
811 121 950 152 dicebas:

63 165 126 202 sed,
140 175 209 196 cum
225 164 292 195 Deo
307 165 383 194 nihil
398 164 588 204 praestantius
601 170 686 201 esset,
700 175 759 195 non
776 164 948 202 dubitabas,

64 209 139 248 quin
154 207 288 238 mundus
303 213 378 237 esset
393 206 489 244 Deus,
503 207 585 248 quod
596 207 671 237 nihil
686 208 718 237 in
730 218 831 238 rerum
843 207 952 238 natura

63 251 172 281 melius
187 256 280 286 esset;
304 250 396 280 modo
411 260 565 290 possemus
581 260 652 280 eum
667 251 854 280 animantem
870 251 951 291 cogi-

63 299 136 332 tare,
154 294 201 324 vel
216 293 327 334 potius,
344 299 379 323 ut
393 299 499 323 caetera
513 293 617 330 oculis,
634 293 675 323 sic
696 293 797 323 animo
813 293 869 324 hoc
889 304 952 324 cer-

63 346 143 367 nere.
168 336 238 373 Sed,
252 347 323 366 cum
338 336 454 366 mundo
470 346 561 376 negas
576 336 745 377 quidquam
758 346 819 366 esse
830 336 951 374 melius,

63 378 137 420 quid
149 379 222 409 dieis
235 381 257 397 ‘⁶
265 379 374 409 melius
382 379 418 409 ?'’
431 379 455 409 si
465 379 632 419 pulchrius,
642 379 802 414 assentior;
819 379 844 408 si
853 380 954 419 aptius

63 422 102 452 ad
115 422 258 452 utilitates
267 428 393 459 nostras,
404 422 435 452 id
445 432 566 463 quoque
576 422 736 458 assentior;
753 422 799 451 sin
812 422 955 452 autemid

63 464 147 502 dicis,
165 465 244 495 nihil
259 475 320 496 esse
335 465 451 495 mundo
472 465 645 505 sapientius,
663 465 748 495 nullo
763 464 854 494 modo
868 475 953 505 pror-

63 518 114 538 sus
129 508 290 539 assentior:
314 518 375 538 non
391 508 473 549 quod
488 508 608 538 difficile
623 508 661 538 sit
675 513 810 538 mentem
826 509 864 537 ab
880 518 952 538 ocu-

63 551 101 581 lis
123 561 277 581 sevocare:
302 551 365 588 sed,
389 562 450 592 quo
472 551 569 591 mag-is
591 561 706 588 sevoco,
730 561 765 581 eo
786 551 888 581 minus
908 550 952 589 id,

64 593 147 634 quod
163 599 196 623 tu
212 594 268 630 vis,
285 604 408 634 possum
424 600 525 625 mente
540 594 801 634 comprehendere.

108 637 168 667 lx.
193 637 281 666 Nihil
297 643 341 667 est
352 637 467 667 mundo
482 637 593 667 melius
607 637 639 667 in
651 647 752 667 rerum
764 635 890 666 natura:
915 646 953 666 ne

64 679 96 709 in
111 679 196 709 terris
212 680 336 720 quidem
351 681 426 710 urbe
441 680 551 710 nostrii.
586 680 674 710 Num
689 680 782 720 igitur
796 679 906 710 idcirco
921 679 953 709 in

64 724 139 753 urbe
162 733 223 752 esse
245 723 404 760 rationem,
428 723 650 763 cogitationem,
677 728 810 753 mentem
837 728 927 763 putas
938 724 953 752 ?

63 772 128 803 aut,
145 765 289 806 quoniam
305 775 366 796 non
382 765 430 803 sit,
447 776 523 795 num
538 765 646 795 idcirco
667 766 832 802 existimas,
848 765 954 795 formi-

67 819 134 839 cam
150 808 392 849 anteponendam
404 819 465 839 esse
474 808 545 838 huic
557 808 767 849 pulcherrimae
778 808 858 845 urbi,
871 808 954 848 quod

64 851 96 881 in
108 852 183 882 urbe
199 861 301 881 sensus
313 851 351 881 sit
362 851 475 889 nullus,
488 851 520 881 in
531 851 658 881 formica
668 861 729 881 non
738 851 829 881 modo
839 860 954 887 sensus,

65 894 117 924 sed
141 894 232 924 etiam
256 904 353 931 mens,
378 894 465 930 ratio,
490 893 636 924 memoria
647 896 661 924 Ρ
690 894 802 924 Videre
825 899 953 934 oportet,

64 937 174 974 Balbe,
191 937 265 978 quid
280 937 336 968 tibi
351 937 540 976 concedatur,
556 946 617 967 non
632 942 660 967 te
675 937 788 978 ipsum,
805 936 889 978 quod
903 946 954 967 ve-

65 980 113 1017 lis,
130 990 257 1010 sumere.

109 1023 209 1053 Istum
225 1023 305 1053 enim
317 1024 416 1054 locum
430 1028 529 1054 totum
539 1024 592 1053 illa
601 1028 685 1054 vetus
698 1023 840 1060 Zenonis,
856 1022 955 1053 brevis

66 1071 95 1096 et
107 1068 155 1100 (ut
170 1066 225 1096 tibi
241 1066 410 1103 videbatur)
424 1072 523 1103 acuta,
540 1067 690 1097 conclusio
700 1066 846 1096 dilatavit.
871 1066 955 1095 Zeno

66 1109 148 1138 enim
158 1109 200 1139 ita
212 1110 372 1140 concludit.
397 1112 419 1127 “
430 1109 523 1147 Quod
533 1110 647 1140 ratione
656 1110 763 1147 utitur,
774 1108 883 1139 melius
899 1114 954 1145 est,

66 1162 160 1192 quam
171 1152 202 1181 id
212 1152 293 1192 quod
303 1153 417 1183 ratione
426 1162 487 1184 non
497 1153 601 1182 utitur.
626 1152 714 1182 Nihil
724 1158 827 1182 autem
838 1151 956 1182 mundo

65 1195 176 1225 melius
188 1206 196 1224 ι
214 1195 328 1225 ratione
339 1196 431 1236 igitur
443 1196 576 1225 mundus
588 1196 715 1225 utitur.''
734 1195 803 1226 Hoc
813 1195 837 1225 si
847 1195 956 1235 placet,

62 1238 129 1276 jam
145 1237 262 1275 efficies,
280 1244 314 1268 ut
329 1238 462 1268 mundus
482 1239 596 1279 optime
611 1239 724 1268 librum
740 1238 839 1278 legere
854 1238 958 1267 videa-

66 1285 125 1309 tur.
158 1280 289 1311 Zenonis
304 1281 385 1311 enim
401 1281 544 1321 vestig-iis,
560 1281 617 1311 hoc
631 1281 722 1311 modo
737 1282 886 1311 rationem
901 1290 956 1321 po-

66 1323 136 1353 teris
151 1323 328 1354 concludere
341 1335 349 1354 =
375 1324 468 1362 Quod
482 1325 636 1354 literatum
652 1330 706 1361 est,
723 1324 755 1353 id
775 1330 819 1354 est
833 1323 955 1360 melius,

66 1376 161 1406 quam
182 1366 265 1407 quod
285 1377 346 1397 non
367 1374 411 1397 est
430 1367 604 1397 literatum:
630 1367 707 1397 nihil
721 1373 824 1397 autem
839 1366 957 1397 mundo

66 1409 192 1439 melius:
215 1409 350 1440 literatus
360 1410 452 1450 igitur
462 1416 505 1440 est
515 1410 658 1441 mundus.
684 1410 748 1440 Isto
760 1410 851 1440 modo
863 1409 956 1439 etiam

66 1451 206 1489 disertus,
218 1458 247 1482 et
261 1453 385 1493 quidem
398 1454 641 1491 mathematicus,
654 1453 799 1490 musicus,
811 1452 895 1483 omni
904 1452 957 1482 det

66 1494 159 1535 nique
174 1495 309 1525 doctrina
330 1496 475 1531 eruditus,
498 1502 650 1537 postremo
670 1496 879 1537 philosophus,
902 1494 958 1525 erit

66 1537 211 1568 mundus.
236 1539 322 1579 Saepe
337 1539 426 1577 dixti,
442 1540 519 1569 nihil
535 1539 599 1570 fieri
614 1539 677 1570 sine
693 1539 772 1574 Deo,
790 1549 844 1569 nec
859 1538 957 1568 ullam

67 1579 131 1610 vim
151 1591 213 1611 esse
234 1588 362 1618 naturae,
385 1587 420 1612 ut
442 1583 489 1612 sui
511 1583 668 1613 dissimilia
690 1582 782 1623 possit
805 1581 957 1621 effingere.

68 1622 253 1663 Concedam,
271 1634 331 1654 non
346 1625 437 1655 modo
458 1626 644 1656 animantem
665 1631 695 1656 et
713 1625 879 1666 sapientem
894 1633 957 1654 esse

67 1666 232 1704 mundum,
246 1667 297 1698 sed
312 1668 464 1698 fidicinem
480 1669 571 1699 etiam
587 1674 616 1699 et
631 1668 797 1705 tibicinem,
811 1667 957 1709 quoniam

66 1719 174 1741 earum
196 1720 319 1752 quoque
342 1711 455 1743 artium
478 1712 616 1745 homines
638 1722 676 1745 ex
696 1722 732 1744 eo
751 1716 955 1754 procreantur.
