1226 1935
251 85 375 117 TUSC.
393 86 565 124 QUAEST.
580 86 659 117 Lm.
674 86 714 117 V.
732 86 816 117 cip.
835 87 881 117 14.
950 87 1012 117 265

122 171 231 202 natura
253 178 297 203 est
319 172 418 210 datus,
443 173 487 203 vis
506 173 601 214 ipsius
621 179 738 203 naturn
758 172 885 214 perspici
906 179 1012 213 potest.

122 214 291 256 Namque
284 216 356 246 alias
376 216 497 253 bestias,
515 222 631 253 nantes,
648 226 797 257 aquarum
819 216 931 246 incolas
951 227 1014 246 esse

120 258 237 293 voluit;
261 259 346 295 alias,
370 260 516 295 volucres,
540 260 613 290 coelo
635 259 696 289 frui
718 259 833 295 liber0;
859 265 1010 299 serpentes

120 301 267 342 quasdam
280 312 289 336 ;
307 302 453 343 quasdam
467 313 529 333 esse
543 302 732 342 gradientem
755 312 860 332 earum
875 302 1011 342 ipsarum

119 344 230 384 partim
244 345 401 385 solivagas,
414 346 525 386 partim
538 351 749 385 congregatas;
767 345 915 374 immanes
925 345 1010 381 alias,

121 387 268 427 quasdam
285 394 387 418 autem
403 388 514 418 cicures
527 400 536 423 ;
560 388 722 418 nonnullas
732 388 858 423 abditas,
871 388 1012 428 terraque

119 435 220 460 tectas.
252 431 359 471 Atque
375 441 478 461 earum
500 442 640 472 quaeque,
658 442 748 461 suum
765 437 869 461 tenens
884 440 1010 467 munus,

121 483 191 503 cum
206 473 237 503 in
253 473 379 515 disparis
395 475 558 504 animantis
573 474 667 504 vitam
683 474 808 504 transire
828 484 886 504 non
904 474 1009 514 possit,

123 522 227 546 manet
241 517 272 546 in
293 517 360 557 lege
375 523 500 547 naturae.
533 517 587 555 Et,
605 523 639 547 ut
654 518 757 547 bestiis
772 517 854 547 aliud
867 517 918 546 alii
934 527 1011 557 pra*-

121 559 202 600 cipui
218 570 236 589 a
251 561 359 590 natur-21
374 560 480 590 datum
502 567 557 597 est,
580 560 662 601 quod
683 571 772 590 suum
789 570 919 601 quaeque
940 560 1010 590 reti-

119 608 181 640 net,
199 612 252 633 nec
268 603 391 633 discedit
407 605 445 633 ab
466 614 521 639 ρος
546 604 587 634 sic
606 603 724 633 homini
743 604 842 633 multo
860 603 1007 644 quiddam

118 645 329 685 praestantius;
362 646 416 676 etsi
439 647 613 687 praestantia
636 647 745 677 debent
775 657 810 677 ea
838 646 908 683 dici,
939 657 1009 687 quae

117 688 230 718 habent
253 689 388 730 aliquam
413 690 676 730 comparationem.
714 690 879 720 Humanus
905 696 1008 719 autern

118 732 249 767 animus,
266 732 423 773 decerptus
439 743 475 763 ex
491 738 592 763 mente
607 733 722 770 divina,
739 743 809 763 cum
831 732 890 762 alio
910 732 1007 768 nullo,

118 774 176 805 nisi
191 785 261 805 cum
276 775 341 816 ipso
362 775 442 814 Deo,
460 776 498 810 (si
518 776 575 807 hoc
595 775 640 814 fas
661 783 705 807 est
725 776 822 814 dictu)
841 776 1009 816 comparari

116 823 222 859 potest.

163 861 224 892 Hic
239 861 342 903 igitur,
360 862 384 892 si
400 868 443 893 est
458 863 607 899 excultus,
625 868 654 893 et
674 863 699 893 si
717 864 782 901 ejus
797 861 874 892 acies
895 862 937 892 ita
955 872 1008 893 cu-

118 910 184 935 rata
198 911 252 942 est,
264 911 298 935 ut
309 915 348 936 ne
357 911 516 936 caecaretur
528 906 676 936 erroribus
688 917 696 940 ;
722 907 756 936 fit
767 905 898 946 perfecta
908 915 1006 941 mens,

118 947 149 978 id
165 954 219 985 est,
236 948 374 979 absoluta
389 949 463 979 ratio
477 959 486 985 ;
511 949 593 989 quod
613 955 655 979 est
670 949 751 979 idem
768 949 872 978 virtus.
906 948 959 985 Et,
983 949 1008 979 si

117 1001 208 1021 omne
222 992 346 1022 beatum
362 998 416 1029 est,
433 992 482 1022 cui
497 992 574 1022 nihil
589 992 680 1027 deest,
698 998 727 1022 et
742 991 824 1033 quod
839 991 870 1021 in
887 1002 940 1022 suo
955 1002 1007 1032 ge-

118 1043 188 1064 nere
210 1035 367 1076 expletum
387 1041 478 1076 atque
493 1036 684 1065 cumulatum
704 1041 758 1071 est,
776 1035 867 1075 idque
888 1035 1007 1065 virtutis

118 1083 162 1108 est
182 1078 359 1119 proprium3
384 1084 463 1109 certe
486 1088 591 1109 omnes
612 1078 730 1108 virtutis
754 1084 907 1118 compotes
927 1078 1007 1108 beati

116 1126 195 1150 sunt.
219 1121 262 1151 Et
276 1121 333 1151 hoc
348 1121 472 1162 quidem
484 1121 561 1151 mihi
576 1132 646 1152 cum
658 1122 757 1151 Bruto
769 1121 918 1158 convenit,
932 1121 1005 1151 item

116 1174 186 1194 cum
210 1164 386 1201 Aristotele,
414 1164 594 1201 Xenocrate,
619 1165 800 1206 Speusippo,
828 1164 1004 1195 Polemone.

115 1206 175 1237 Sed
184 1207 261 1237 mihi
272 1207 412 1238 videntur
421 1207 512 1238 etiam
524 1208 698 1238 beatissimi.
722 1207 807 1246 Quid
818 1207 899 1237 enim
911 1207 1005 1244 deest,

115 1250 154 1280 ad
169 1251 255 1280 beate
270 1250 445 1289 vivendum,
462 1251 489 1281 ei
509 1251 562 1292 qui
580 1251 704 1282 confidit
724 1251 785 1281 suis
802 1251 915 1281 bonis?
939 1257 1003 1290 aut,

115 1293 169 1334 qui
184 1293 305 1331 diffidit,
321 1295 427 1324 beatus
442 1305 504 1325 esse
518 1295 573 1336 qui
588 1300 686 1335 potest
699 1296 713 1325 Ρ

156 1336 251 1367 XIV.
275 1337 321 1367 At
336 1337 454 1367 diffidat
467 1347 584 1368 necesse
599 1343 653 1375 est,
667 1338 721 1379 qui
735 1338 815 1367 bona
829 1336 937 1367 dividit
951 1337 1005 1367 tri-

113 1380 232 1421 pertito.
264 1379 330 1418 Qui
347 1380 428 1410 enim
442 1381 553 1421 poterit
572 1386 625 1410 aut
643 1381 773 1421 corporis
788 1380 930 1410 firmitate
951 1387 1006 1410 aut

114 1423 244 1454 fortunae
265 1423 427 1453 stabilitate
447 1423 620 1454 confidere?
643 1423 756 1465 Atqui,
778 1423 835 1453 nisi
856 1423 956 1453 stabili
976 1429 1006 1453 et

113 1465 176 1497 fixo
198 1472 227 1497 et
248 1474 444 1507 permanente
463 1468 555 1516 bono,
576 1468 682 1497 beatus
703 1477 764 1497 esse
784 1476 874 1496 nemo
894 1472 1002 1507 potest.

115 1509 201 1547 Quid
222 1520 292 1550 ergo
313 1509 461 1549 ejusmodi
480 1510 608 1540 istorum
630 1512 696 1541 est?
719 1515 755 1540 ut
774 1509 852 1539 mihi
874 1509 1004 1539 Laconis

114 1552 192 1583 illud
214 1552 329 1583 dictum
351 1553 383 1583 in
405 1553 460 1583 hos
482 1553 587 1584 cadere
608 1553 764 1589 videatur3
789 1552 843 1594 qui
863 1552 1005 1592 glorianti

114 1595 234 1627 cuidam
258 1596 427 1633 mercatori,
451 1596 533 1637 quod
562 1596 675 1626 multas
704 1606 795 1626 naves
820 1595 852 1625 in
879 1605 1003 1625 omnem

112 1649 198 1670 oram
221 1639 408 1669 maritimam
432 1639 603 1677 dimisisset,
629 1643 650 1658 ‘⁸
668 1640 741 1670 Non
766 1648 837 1669 sane
863 1638 1004 1678 optabilis

113 1681 238 1723 quidem
253 1681 344 1719 ista,'’
366 1682 478 1723 inquit,
503 1684 525 1700 ‘⁴
541 1663 720 1713 rudentibus
741 1688 823 1722 apta,
846 1681 1003 1711 fortuna.”

110 1726 165 1756 An
186 1724 315 1755 dubium
332 1730 386 1761 est,
406 1726 481 1766 quin
502 1726 579 1755 nihil
599 1726 636 1756 sit
655 1725 832 1755 habendum
851 1724 882 1754 in
899 1735 934 1754 eo
951 1734 1003 1764 ge-

107 1777 189 1805 nere,
214 1777 275 1808 quo
295 1768 356 1798 vita
372 1769 461 1799 beata
478 1769 657 1810 completur,
674 1769 699 1798 si
719 1768 750 1798 id
765 1767 858 1809 possit
873 1767 972 1797 amitti
986 1769 1002 1798 ἲ

150 1811 300 1849 (Philas.)
318 1820 400 1841 vor..
422 1820 478 1841 111.
683 1812 702 1841 2
720 1822 741 1841 A
