1226 1935
302 43 364 75 DE
387 43 584 82 FINIBUS,
609 43 653 74 Lx
660 52 688 73 Β.
700 43 741 74 V.
754 44 838 75 CM».
855 46 906 75 25.
1009 47 1051 78 95

166 141 228 163 uno
240 136 356 172 captus,
371 130 508 160 Herillus
520 129 674 160 scientiam
691 140 847 161 summum
863 132 979 162 bonum
991 142 1055 163 esse

163 174 309 210 defendit,
326 183 380 204 nec
396 183 459 203 rem
481 173 578 203 ullam
599 173 690 203 aliam
712 184 765 213 per
786 184 817 203 se
838 175 1048 215 expetendam.

164 218 270 248 Multa
293 222 363 247 sunt
390 216 469 246 dicta
491 217 529 246 ab
553 216 685 256 antiquis
709 216 746 246 de
766 217 992 248 contemnendis
1016 228 1052 248 ac

163 259 361 301 despiciendis
376 260 465 289 rebus
485 258 636 288 humanis.
671 259 739 289 Hoc
759 269 856 289 unum
877 260 983 290 Aristo
1006 266 1050 290 te-

164 303 251 333 nuit:
276 308 383 343 praeter
398 301 470 331 vitia
485 308 576 342 atque
597 302 733 339 virtutes,
755 302 876 342 negavit
902 313 966 333 rem
987 314 1051 333 esse

162 347 259 377 ullam
275 351 327 375 aut
342 344 518 384 fugiendam
534 350 587 374 aut
608 345 817 385 expetendam.
852 346 989 376 Positum
1007 353 1050 376 est

160 401 178 420 a
194 389 312 425 nostris,
325 388 357 418 in
372 387 408 417 iis
423 389 512 417 rebus
524 398 593 427 quae
605 388 771 418 secundum
783 393 924 418 naturam
938 395 1046 426 essent7

160 442 221 462 non
237 432 346 462 dolere.
371 431 440 460 Hoc
456 430 664 471 Hieronymus
679 441 836 461 summum
854 433 970 461 bonum
987 442 1050 462 esse

160 475 248 505 dixit.
272 474 319 504 At
333 484 402 504 vero
418 473 571 513 Callipho,
588 479 617 503 et
632 479 699 514 post
714 484 784 504 eum
801 473 965 512 Diodorus,
978 485 1048 504 cum

161 518 237 548 alter
252 518 439 557 voluptatem
454 516 663 552 adamavisset,
677 517 752 546 alter
766 517 947 547 vacuitatem
963 517 1048 548 dolo-

159 561 211 598 ris,
229 566 334 590 neuter
348 559 503 589 honestate
519 569 616 589 carere
630 559 740 600 potuit,
757 570 826 601 quae
842 566 885 590 cst
900 571 918 590 a
939 561 1048 591 nostn's

159 604 284 634 laudata
298 602 442 632 maxime.

203 646 382 685 Quinetiam
397 645 453 685 ipsi
474 645 636 685 voluptarii
655 645 832 676 diverticula
847 652 999 686 quaerunt,
1018 652 1048 677 et

160 690 285 720 virtutes
311 689 424 718 habent
449 688 480 717 in
510 698 560 718 ore
586 694 663 718 totos
693 689 767 726 dies,
799 689 1049 730 voluptatemque

158 733 258 774 primo
271 732 419 762 duntaxat
431 730 531 771 expeti
543 731 647 761 dicunt
659 742 668 766 ς
687 731 806 767 deinde,
818 732 1045 768 consuetudine,

158 776 246 817 quasi
261 775 386 805 alteram
402 780 542 803 naturam
555 774 642 810 effici,
659 775 721 814 qua
741 775 866 815 impulsi
886 775 985 805 multa
1000 775 1046 805 fa-

156 820 247 856 ciant,
265 818 382 848 nullam
399 822 566 858 quaerentes
582 817 779 857 voluptatem.
804 818 897 847 Stoici
912 824 1044 848 restant:

156 862 189 892 hi
205 861 329 903 quidem
344 870 405 890 non
426 869 520 889 unam
540 860 675 900 aliquam
696 867 749 890 aut
769 861 896 890 alteram
913 872 930 890 a
945 861 1043 899 nobis,

155 905 208 935 sed
223 911 318 935 totam
335 904 372 933 ad
388 913 419 933 se
433 908 567 933 nostram
579 903 802 943 philosophiam
815 904 1044 934 transtulerunt.

154 948 272 989 Atque,
286 953 320 977 ut
332 946 441 987 reliqui
455 946 546 982 fui-es5
558 956 663 976 earum
673 957 785 982 rerum,
800 957 875 986 quas
886 953 1042 987 cepemnt3

155 991 242 1031 signa
257 996 466 1024 commutant;
492 989 532 1019 sic
553 989 609 1025 illi,
631 995 665 1019 ut
686 989 839 1019 sententiis
860 990 968 1020 nostris
988 1000 1044 1030 pro

155 1034 217 1064 suis
229 1038 395 1069 uterentur,
412 1032 547 1069 nomina,
564 1037 722 1072 tamquam
743 1042 844 1062 rerum
860 1038 956 1067 notas„
973 1043 1044 1062 ntu-

154 1082 304 1107 taverunt.
338 1076 387 1106 Ita
407 1075 588 1115 relinquitur
608 1075 671 1105 sola
691 1075 755 1105 haec
777 1075 935 1116 disciplina
950 1075 1044 1116 digna

154 1119 295 1150 studiosis
315 1119 518 1159 ingenuarum
538 1118 662 1156 artium,
684 1118 777 1158 digna
797 1118 932 1156 eruditis,
949 1119 1045 1159 digna

153 1163 240 1193 claris
255 1162 336 1200 viris,
353 1162 446 1202 digna
459 1161 657 1201 principibus,
674 1161 766 1201 digna
781 1161 911 1201 regibus.

197 1206 277 1244 Quae
300 1215 371 1236 cum
398 1204 532 1241 dixisset,
559 1205 749 1245 paulumque
763 1204 929 1241 institisset,
954 1204 1041 1242 Quid

152 1254 208 1285 est,
232 1249 359 1290 inquit?
391 1248 500 1278 satisne
522 1247 606 1277 vobis
629 1247 731 1277 videor
752 1258 808 1288 pro
829 1258 898 1277 meo
917 1248 986 1286 jure
1008 1248 1040 1277 in

151 1292 256 1322 vestris
271 1292 395 1322 auribus
410 1296 630 1321 commentatus
641 1292 655 1320 Ρ
684 1290 727 1320 Et
742 1300 808 1330 ego,
825 1290 877 1320 Tu
894 1301 974 1327 vero,
991 1291 1039 1320 in-

150 1345 256 1376 quam,
280 1335 361 1373 Piso,
377 1340 413 1364 ut
433 1344 511 1374 saepe
532 1334 616 1371 alias,
639 1334 680 1364 sic
700 1333 789 1363 hodie
809 1333 852 1363 ita
873 1333 930 1363 ista
951 1335 1039 1364 nesse

149 1378 230 1408 visus
255 1388 296 1415 es,
321 1384 366 1415 ut,
391 1377 416 1407 si
436 1377 482 1407 tui
502 1377 588 1418 copia
614 1377 700 1407 nobis
721 1387 838 1417 semper
858 1376 952 1414 fieret,
975 1387 1037 1407 non

147 1422 283 1451 multum
300 1420 413 1451 Graecis
429 1420 663 1461 supplicandum
678 1425 828 1460 putarem.
859 1420 952 1457 Quod
968 1420 1038 1460 qui-

147 1464 218 1494 dem
234 1475 269 1494 eo
284 1463 409 1505 probavi
423 1463 533 1504 magis,
550 1463 622 1503 quia
637 1463 776 1499 memini,
794 1464 929 1493 Staseam
952 1463 1037 1492 Nea-

145 1507 327 1547 politanum,
343 1507 494 1537 doctorem
511 1506 601 1536 illum
616 1512 718 1543 tuum⁷
734 1506 868 1536 nobilem
890 1515 961 1536 sane
971 1506 1036 1536 Pe.

145 1550 348 1591 ripateticum‚
379 1550 536 1590 aliquanto
566 1549 623 1579 ista
652 1559 736 1580 secus
768 1549 866 1579 dicere
898 1549 1035 1584 solitum,

143 1593 356 1623 assentientem
370 1592 418 1630 iis,
431 1592 485 1633 qui
500 1592 635 1622 inultum
650 1592 682 1622 in
698 1591 821 1622 fortuna
835 1591 967 1622 secunda
983 1599 1036 1622 aut

145 1635 280 1670 adversa,
296 1636 431 1666 multum
446 1636 478 1665 in
492 1635 580 1666 bonis
595 1641 649 1665 aut
668 1635 757 1666 malis
778 1634 920 1675 corporis,
943 1644 1037 1675 pone-

145 1686 222 1709 rent.
254 1679 322 1715 Est,
339 1685 374 1709 ut
394 1678 479 1715 dicis,
501 1678 623 1720 inquit:
649 1679 700 1709 sed
723 1679 787 1709 haec
807 1679 846 1708 ab
866 1677 1033 1715 Antiocho,

143 1728 244 1754 nosti-o
268 1722 421 1758 familiari,
445 1721 587 1753 dicuntur
608 1722 707 1753 multo
729 1721 838 1753 melius
861 1727 890 1752 et
914 1720 1032 1760 fortius,
