1226 1935
251 79 374 111 TUSC.
393 79 566 118 QUAEST.
585 79 664 110 Lm.
680 80 707 111 1.
735 80 818 112 CM».
840 83 888 112 18.
962 82 1018 112 121

126 166 266 208 spicuum
286 165 375 196 debet
394 176 467 203 esse,
483 166 610 202 animos,
628 176 699 196 cum
715 177 731 197 e
746 177 868 207 corpore
884 178 1017 198 excesse-

126 210 199 247 rint,
223 209 285 239 sive
305 209 350 238 illi
370 209 430 239 sint
450 209 595 239 animales
610 209 655 243 (id
675 215 730 246 est,
752 210 931 250 spirabiles),
956 211 1017 241 sive

126 252 219 292 ignei,
235 252 267 282 in
283 252 412 282 sublime
424 251 502 281 ferri.
527 251 559 282 Si
575 262 643 282 vero
659 258 711 282 aut
727 262 872 282 numerus
887 254 1013 293 quidam

126 295 165 325 sit
185 295 305 325 animus
326 294 421 335 (quod
437 294 586 324 subtiliter
601 295 698 335 magis
713 305 807 335 quam
823 295 953 326 dilucide
969 297 1015 326 di-

127 338 229 375 citur),
253 343 306 367 aut
326 337 434 378 quinta
453 337 516 375 illa,
540 346 600 367 non
625 338 782 368 nominata
800 339 898 378 magis
922 349 1015 379 quam

124 390 187 410 non
212 381 373 417 intellecta,
397 385 525 415 natura;
553 380 650 410 multo
677 380 767 410 etiam
794 381 956 421 integriora
981 392 1016 412 ac

125 423 248 464 puriora
267 429 349 459 sunt,
366 428 401 452 ut
415 433 433 452 a
448 423 527 452 terra
541 423 716 463 longissime
735 433 766 453 se
781 423 913 454 efferant.
947 424 1015 454 Ho-

125 476 196 497 rum
211 466 303 507 igitur
323 465 439 506 aliquid
454 465 574 495 animus
589 472 644 503 est,
660 476 715 495 nec
730 472 793 496 tam
808 473 913 506 vegeta
927 477 1014 497 mens

123 515 176 539 aut
188 509 219 539 in
235 509 322 539 corde
337 509 504 546 cerebrove,
521 514 574 538 aut
588 508 618 538 in
636 508 840 549 Empedocleo
856 510 1013 550 sanguine,

122 551 258 582 demersa
270 553 376 591 jaceat.

166 595 298 625 XVIII.
312 594 525 625 Dicaearchum
535 604 615 631 vero,
627 605 697 624 cum
707 594 892 625 Aristoxeno
902 596 1013 636 aequali

123 644 152 668 et
164 638 368 678 condiscipulo
379 647 444 675 su0,
458 636 560 667 doctos
572 647 642 667 sane
652 637 802 673 homines,
816 638 1012 674 omittamus;

122 691 253 721 quorum
265 682 340 711 alter
351 690 388 710 ne
401 680 587 710 condoluisse
599 680 722 720 quidem
735 691 873 721 unquam
882 681 1012 719 videtur,

121 723 176 764 qui
191 723 328 753 animum
345 733 375 753 se
389 723 499 752 habere
514 733 574 752 non
591 723 718 758 sentiat:
743 724 817 753 alter
829 724 871 753 ita
883 724 1012 754 delecta-

122 772 172 796 tur
193 766 253 796 suis
269 766 416 803 cantibus,
434 772 468 795 ut
483 775 532 795 eos
547 766 637 795 etiam
653 766 692 796 ad
707 766 771 796 haec
790 767 949 797 transferre
963 777 1013 797 co-

120 815 219 839 netur.
258 808 461 839 Harmoniam
487 815 588 838 autem
613 819 651 838 ex
677 809 842 839 intervallis
868 820 1011 840 sonorum

119 854 207 882 nosse
217 861 389 892 possumus,
406 861 537 891 quorum
553 851 635 881 varia
650 852 826 892 compositio
839 853 929 882 etiam
941 853 1011 883 harae

119 894 236 925 monias
263 894 352 924 efficit
377 894 497 935 plures:
526 895 735 924 membrorum
765 905 834 925 vero
864 895 949 934 situs,
981 903 1011 926 et

118 938 218 978 figura
237 937 378 978 corporis,
400 947 508 967 vacans
528 937 641 974 animo,
664 947 758 978 quam
773 938 867 978 possit
887 938 1010 969 harmo-

118 980 202 1010 niam
218 980 343 1018 efficere,
366 990 427 1010 non
446 980 541 1010 video.
571 980 631 1010 Sed
651 980 700 1010 hic
715 980 851 1021 quidem,
869 982 1009 1021 quamvis

118 1023 252 1054 eruditus
267 1023 316 1060 sit,
333 1023 409 1053 sicut
423 1029 477 1060 est,
494 1023 558 1053 haec
573 1023 717 1063 magistro
732 1023 874 1053 concedat
889 1024 1009 1055 Aristo-

117 1066 189 1096 teli:
213 1076 318 1096 canere
341 1067 405 1107 ipse
427 1065 552 1096 doceat:
576 1067 653 1096 bene
674 1066 756 1096 enim
776 1067 829 1097 illo
852 1067 1010 1107 proverbio

116 1109 293 1140 Graecorum
308 1109 492 1151 praecipitur,

161 1169 184 1185 “
201 1168 306 1207 Quam
321 1168 449 1209 quisque
464 1168 546 1199 notit
560 1174 668 1208 artem,
684 1168 715 1198 in
727 1168 784 1199 hac
797 1179 827 1200 se
839 1169 1009 1200 exerceat.”

160 1239 253 1269 Illam
274 1249 344 1269 vero
363 1238 502 1269 funditus
521 1239 676 1278 ejiciamus
696 1239 924 1271 individuorum
945 1250 1010 1271 cor-

115 1292 226 1323 porum
245 1281 368 1312 laevium
384 1288 414 1312 et
431 1282 632 1313 rotundorum
653 1283 880 1313 concursionem
901 1283 1009 1314 fortui-

116 1332 179 1355 tam
192 1336 201 1360 ;
218 1335 312 1366 quam
327 1330 429 1355 tamen
446 1325 640 1356 Democritus
655 1325 887 1356 concalefactam
903 1332 933 1356 et
947 1326 1009 1367 spi-

117 1368 244 1398 rabilem
271 1367 315 1402 (id
341 1374 395 1405 est,
423 1368 600 1407 animalem)
623 1379 686 1399 esse
707 1369 813 1399 voluit.
846 1370 878 1399 Is
904 1375 1008 1399 autem

117 1411 250 1447 animus,
267 1411 331 1452 qui,
344 1411 369 1441 si
381 1417 424 1441 est
438 1411 549 1442 borum
565 1418 696 1452 quatuor
711 1422 868 1452 generum,
886 1422 924 1442 ex
940 1412 1009 1452 qui-

116 1455 173 1484 bus
194 1454 297 1484 omnia
316 1460 450 1484 constare
465 1454 618 1492 dicuntur,
640 1465 677 1484 ex
693 1454 884 1485 inflammata
905 1455 1009 1485 anima

117 1503 235 1527 constat
249 1500 297 1531 (ut
311 1497 503 1538 potissimum
519 1497 614 1527 videri
634 1497 720 1528 video
736 1498 898 1535 Panaetio),
920 1508 1009 1538 supe„

114 1540 193 1571 riora
217 1545 359 1580 capessat,
381 1550 499 1570 necesse
523 1547 575 1570 est.
601 1540 690 1570 Nihil
710 1541 791 1570 enim
812 1541 925 1570 habent
945 1541 1010 1571 haec

114 1583 175 1613 duo
187 1592 297 1623 genera
311 1583 419 1623 proni;
437 1589 466 1613 et
478 1593 585 1624 supera
597 1593 714 1624 semper
726 1589 842 1624 petunt.
868 1584 929 1621 Ita,
946 1584 990 1613 siv
992 1594 1008 1613 e

114 1626 310 1667 dissipantur,
333 1626 438 1666 procul
462 1636 480 1655 a
500 1627 586 1656 terris
608 1625 640 1655 id
664 1627 781 1656 evenit:
807 1627 868 1656 sive
888 1636 1009 1666 perma-

113 1674 197 1706 nent,
222 1674 251 1698 et
266 1675 441 1698 conservant
456 1669 596 1699 habitum
613 1679 715 1706 suum,
731 1669 788 1699 hoc
804 1669 894 1699 etiam
910 1669 1009 1709 magis

113 1721 231 1742 necesse
243 1718 287 1741 est
300 1711 436 1741 ferantur
451 1711 489 1741 ad
506 1712 627 1749 coelum,
641 1719 670 1742 et
684 1713 723 1742 ab
735 1712 782 1742 his
794 1718 1009 1753 perrumpatur

111 1760 141 1785 et
155 1754 308 1784 dividatur
322 1764 438 1785 crassus
452 1754 502 1784 hic
514 1761 544 1786 et
555 1760 710 1786 concretus
722 1758 784 1791 ae'r,
802 1755 856 1796 qui
868 1761 912 1785 est
923 1760 1008 1785 terrae

155 1798 306 1835 (Philos.)
324 1805 406 1827 vor„
426 1806 484 1828 111.
719 1807 746 1827 M
