1226 1935
250 102 373 134 TUSC.
391 102 564 141 QUAEST.
582 102 662 134 Lm.
680 101 740 134 lv.
764 102 849 134 CAP.
869 102 922 133 31.
966 101 1030 133 243

141 197 219 218 mus.
265 188 337 225 Sed,
353 198 542 230 quamquam
564 188 602 219 de
620 188 714 230 ipsius
738 189 836 219 metus
857 188 1030 219 inconstan-

140 230 194 268 tia,
208 231 422 269 imbecillitate,
435 232 566 269 levitate,
577 231 739 262 dicendum
750 237 794 262 est
806 243 816 268 ;
832 237 935 262 tamen
947 232 1029 261 mul-

139 279 205 303 tum
226 273 356 314 prodest,
372 284 417 313 ea,
434 285 503 316 quae
526 281 716 312 metuuntur,
740 274 805 315 ipsa
826 280 1027 305 contemnere.

140 316 259 357 Itaque,
279 317 340 348 sive
357 328 427 348 casu
447 317 565 355 accidit,
582 317 644 348 sive
663 317 797 351 consilio,
813 316 1028 358 percommode

137 359 251 389 factum
262 367 316 397 est,
333 360 415 402 quod
430 361 471 391 eis
486 361 523 391 de
538 362 637 397 rebus,
654 371 723 402 quae
734 360 869 390 maxime
883 366 1027 390 metuun-

137 407 198 438 tur,
211 402 248 432 de
263 410 359 434 morte
374 409 402 434 et
417 403 455 433 de
469 404 581 440 dolore,
592 403 692 444 primo
707 409 735 433 et
746 403 886 444 proximo
901 403 950 433 (lie
966 402 1028 433 dis-

137 450 279 487 putatum
295 453 347 476 est,
386 446 466 485 Quae
481 447 505 476 si
520 447 645 487 probata
660 452 741 484 sunt,
756 452 840 476 metu
856 446 969 486 magnit
989 455 1026 476 ex

137 494 221 527 parte
236 489 353 519 liberati
368 499 483 520 sumus.
506 490 556 520 Ac
571 489 608 519 de
623 490 773 520 malorum
789 489 940 530 opinione,
956 488 1027 518 hac-

137 536 235 561 tenus.

180 573 309 605 XXXI.
333 574 364 605 V
365 574 502 605 ideamus
522 585 603 606 nunc
623 574 660 606 de
680 576 842 612 bonorum,
859 574 891 604 id
911 579 966 612 est,
988 573 1026 605 de

136 616 243 646 laetitia
266 623 295 647 et
315 617 352 647 de
371 618 546 658 cupiditate.
580 618 664 648 Mihi
682 618 819 659 quidem,
838 618 870 647 in
895 618 958 648 tota
978 627 1026 647 ra-

136 658 217 689 tione
233 670 267 690 ea
283 670 351 701 quae
371 661 500 702 pertinet
521 661 559 691 ad
579 661 674 692 animi
696 660 947 702 perturbationes,
964 670 1026 691 una

134 711 181 732 res
198 702 315 733 videtur
330 714 451 734 causam
467 704 630 743 continere,
646 714 751 734 omnes
767 715 815 734 eas
831 714 893 734 esse
907 703 939 733 in
955 713 1026 733 nos-

135 744 181 775 tra
196 751 352 786 potestate,
374 756 478 776 omnes
491 747 605 786 judicio
620 753 782 788 susceptas,
799 757 902 777 omnes
918 747 1026 776 volun-

134 788 232 818 tarias.
258 789 319 819 Hic
334 789 426 829 igitur
442 800 522 819 error
537 797 580 820 est
595 790 777 830 eripiendus,
788 790 852 820 haec
865 789 1026 819 detrahen-

132 830 172 860 da
181 831 298 872 opinio:
312 839 413 874 atque,
426 839 470 867 ut
482 833 512 862 in
522 833 611 863 malis
620 839 760 873 opinatis,
770 832 1023 873 [tolerabiliora]

135 873 191 910 sic,
208 874 239 904 in
254 875 351 911 bonis,
368 875 514 905 sedatiora
529 882 600 906 sunt
616 875 771 906 efficienda
786 886 831 911 ca,
848 886 917 916 quae
938 885 1026 915 mag-

133 925 174 947 na
189 923 218 947 et
232 917 375 948 laetabilia
399 918 550 949 dicuntur.
588 919 696 960 Atque
715 918 772 949 hoc
793 918 918 959 quidem
940 928 1024 948 com-

132 969 226 990 mune
241 961 393 991 malorum
416 966 444 991 et
459 963 610 992 bonorum
623 973 632 992 z
658 967 703 998 ut,
730 961 755 992 si
767 962 832 1001 jam
848 960 969 991 difficile
985 961 1024 990 sit

132 1003 321 1044 persuadere,
338 1004 415 1034 nihil
430 1015 534 1035 earum
550 1015 663 1043 rerum,
681 1015 750 1045 quae
765 1005 942 1045 perturbent
957 1003 1022 1034 ani-

132 1056 231 1085 mum,
258 1053 311 1077 aut
334 1047 366 1077 in
392 1048 478 1078 bonis
505 1053 557 1078 aut
583 1048 613 1078 in
638 1048 728 1077 malis
750 1058 812 1078 esse
831 1046 1021 1084 habendum,

132 1095 233 1119 tamen
248 1090 306 1120 alia
321 1090 360 1120 ad
375 1091 470 1121 alium
486 1098 605 1121 motum
626 1090 740 1121 curatio
764 1090 803 1120 sit
824 1089 1019 1126 adhibenda;

131 1132 251 1173 aliixque
271 1133 385 1163 ratione
404 1134 583 1171 malevolus,
605 1134 665 1164 alia
684 1139 812 1172 amator,
837 1133 898 1163 3113
918 1142 1023 1163 rursus

132 1175 251 1214 anxius,
268 1176 328 1207 31ίῖ1
343 1177 479 1215 timidus,
491 1176 692 1217 corrigendus.

174 1218 281 1260 Atque
301 1226 363 1250 erat
382 1219 481 1257 facsse,
499 1226 674 1260 sequentem
696 1229 763 1250 eam
783 1218 931 1250 rationem
953 1228 1023 1260 quae

132 1261 266 1292 maxime
280 1264 426 1302 probatur
440 1262 477 1293 de
491 1263 578 1293 bonis
591 1269 620 1293 et
634 1263 734 1301 malis,
751 1273 861 1303 negare
884 1272 1022 1303 unquam

131 1304 236 1334 laetitia
251 1304 327 1335 affici
345 1316 430 1346 posse
448 1306 652 1346 insipientem,
680 1305 762 1347 quod
783 1305 860 1335 nihil
883 1315 1022 1345 unquam

131 1346 255 1378 haberet
275 1348 355 1378 boni.
380 1348 440 1379 Sed
463 1348 620 1389 loquimur
641 1358 723 1379 nunc
747 1358 831 1378 more
856 1347 1023 1378 communi.

131 1390 199 1420 Sint
215 1400 284 1420 sane
298 1391 354 1422 ista
368 1392 458 1429 bona,
476 1402 545 1432 quae
558 1402 592 1433 p·
585 1397 719 1441 itantur,
735 1392 875 1440 honores,
896 1391 1020 1429 divitiae,

130 1432 310 1473 voluptates,
332 1440 456 1471 caetera3
481 1441 582 1465 tamen
597 1435 629 1464 in
645 1435 686 1465 eis
706 1435 779 1475 ipsis
795 1434 951 1482 potiundis
967 1444 1021 1464 ex-

131 1476 246 1506 sultans
267 1477 455 1519 gestiensque
476 1478 580 1508 laetitia
602 1477 698 1519 turpis
721 1484 784 1513 θεῖς
809 1483 854 1515 ut,
877 1477 902 1507 si
923 1476 1022 1506 ridere

131 1528 304 1550 concessum
325 1520 373 1557 sit,
393 1521 578 1561 vituperetur
600 1527 701 1551 tamen
723 1520 921 1551 cachinnatio.
956 1519 1020 1549 Eo-

130 1560 201 1591 dem
216 1562 297 1592 enim
313 1563 385 1593 vitio
399 1569 442 1593 est
457 1563 562 1594 effusio
580 1564 675 1594 animi
698 1564 730 1594 in
751 1563 867 1600 laetitia,
890 1572 962 1603 quo,
987 1561 1019 1591 in

130 1603 243 1641 dolore,
260 1606 440 1640 contractio·
465 1606 632 1647 eademque
642 1607 763 1637 levitate
773 1605 935 1654 cupiditas
933 1610 977 1635 est
987 1604 1019 1634 in

130 1647 310 1687 appetendo,
327 1649 388 1689 qua
403 1649 530 1680 laetitia
520 1660 553 1679 in
568 1650 717 1685 fruendo,
709 1661 716 1668 ·
742 1655 782 1685 et,
804 1655 840 1679 ut
859 1648 952 1678 nimis
973 1647 1019 1678 af-

130 1689 203 1719 flicti
218 1691 366 1729 molestia,
383 1691 424 1722 sic
438 1692 528 1723 nimis
543 1692 614 1723 elati
628 1692 745 1731 laetitia,
759 1693 828 1740 J'ure
841 1691 1017 1731 judicantur

130 1732 177 1762 lev
171 1743 218 1763 es.
242 1733 295 1769 Et,
312 1744 383 1764 cum
398 1734 530 1765 invidere
545 1735 732 1776 aegritudinis
747 1735 796 1773 sit,
812 1733 901 1764 malis
914 1739 1018 1764 autem

129 1775 234 1807 alienis
254 1777 439 1818 voluptatem
459 1788 575 1819 capere,
594 1778 728 1814 laetitiae,
758 1784 935 1818 utrumque,
956 1777 1016 1807 im-
