1226 1935
229 72 272 101 24
353 70 414 102 DE
438 70 636 111 FINIBUs‚
661 71 739 102 Lm.
757 71 822 102 ΙΙΙ.
847 71 930 103 Cir.
947 72 994 103 18.

230 156 262 186 in
288 157 385 188 officio
410 158 541 198 ponitur.
577 158 794 199 Quoniamque
819 168 879 189 non
905 158 1035 189 dubium
1062 164 1117 197 est,

229 200 316 240 quin,
330 201 361 230 in
377 200 412 230 iis
428 212 496 241 quae
512 201 611 231 media
623 201 762 238 dicimus,
779 201 817 231 sit
828 201 911 231 aliud
923 201 1118 239 sumendum,

229 243 313 272 aliud
325 243 520 282 rejiciendum
533 255 541 278 ς
559 244 709 284 quidquid
721 245 762 274 ita
773 245 818 279 fit,
835 250 887 274 aut
899 244 1019 280 dicitur,
1036 255 1118 274 com-

228 286 316 315 muni
336 286 433 316 officio
455 287 632 316 continetur.
665 287 715 316 Ex
737 297 797 327 quo
817 287 1005 327 intelligitur,
1029 291 1118 327 (quo-

228 328 311 358 niam
333 340 363 359 se
383 329 462 369 ipsos
483 339 587 359 omnes
607 330 716 359 natura
736 329 880 369 diligunt)
897 335 958 359 tam
975 329 1118 370 insipien-

229 376 302 407 tem,
327 382 420 412 quam
445 372 621 412 sapientem,
647 378 832 407 sumturum,
859 381 927 412 quae
951 372 1117 402 secundum

226 420 367 444 naturam
380 415 450 451 sint,
467 415 710 454 rejecturumque
721 415 877 444 contraria.
904 415 952 444 Ita
964 421 1007 445 est
1020 415 1118 455 quod-

226 456 297 486 dam
322 467 483 487 commune
503 457 634 487 officium
657 458 797 497 sapientis
818 463 847 487 et
867 457 1053 497 insipientis:
1079 468 1117 488 ex

227 510 288 539 quo
304 500 442 537 efficitur,
456 500 565 530 versari
581 500 611 529 in
628 500 675 537 iis,
693 511 761 540 quae
773 500 873 529 media
884 500 1029 529 dicamus.

269 542 329 572 Sed
350 553 420 572 cum
441 544 478 572 ab
499 543 545 572 his
566 543 668 572 omnia
683 542 908 582 proficiscantur
923 542 1030 579 officia,
1054 552 1115 573 non

225 584 289 615 sine
309 586 399 615 causa}
420 585 539 621 dieitur,
564 586 601 615 ad
618 596 651 615 ea
667 585 768 614 referri
784 595 888 615 omnes
904 591 1019 615 nostras
1035 586 1116 626 cogi-

224 629 371 664 tationes;
395 628 427 657 in
442 629 500 665 his,
517 634 546 657 et
561 638 717 658 excessum
734 638 749 657 e
765 627 837 664 vitii,
855 634 884 657 et
898 627 929 657 in
945 628 1007 657 vita
1027 637 1116 658 man-

223 671 348 701 sionem.
385 671 423 700 In
448 681 509 711 quo
533 671 614 700 enim
637 670 726 710 plura
747 676 828 707 sunt,
854 681 923 710 quae
947 671 1114 701 secundum

222 719 363 743 naturam
385 714 454 750 sint,
477 714 569 752 hujus
585 713 716 743 officium
734 719 777 743 est
792 713 823 742 in
839 713 901 743 vita
916 723 1057 743 manere:
1082 714 1113 744 in

222 767 284 796 quo
299 762 401 786 autem
422 762 475 786 aut
496 762 566 786 sunt
581 757 670 796 plura
685 756 844 792 contraria,
863 762 916 786 aut
931 756 994 786 fore
1009 756 1114 786 viden-

222 804 282 836 tur,
306 799 399 838 hujus
414 799 547 829 officium
563 805 606 829 est
622 809 638 828 e
654 799 716 828 vita
731 799 881 829 excedere.
916 798 966 828 Ex
983 809 1044 839 quo
1059 810 1113 840 ap-

221 847 317 881 paret,
334 848 363 872 et
378 842 520 882 sapientis
536 852 596 872 esse
612 841 776 882 aliquando
791 841 923 871 officium
940 841 1082 872 excedere
1096 852 1113 872 e

222 885 294 920 vita,
319 895 389 915 cum
409 886 514 915 beatus
534 885 590 920 sit;
617 890 645 914 et
660 884 744 914 stulti
760 894 881 914 manere
901 884 932 913 in
949 884 1022 920 vit-52,
1039 895 1109 914 cum

221 927 259 957 sit
274 928 374 958 miser.
410 928 494 957 Nam
510 929 625 957 bonum
640 927 728 963 illud,
746 932 774 957 et
789 928 918 963 malum,
935 927 1016 967 quod
1032 938 1111 968 saepe

218 971 283 1008 jam
304 971 419 1001 dictum
440 977 494 1007 est,
519 976 621 1011 postea
645 970 846 1010 consequitur.
882 970 987 999 Prima
1006 975 1109 1000 autem

220 1013 274 1043 illa
298 1019 424 1050 naturae,
445 1013 506 1044 sive
527 1012 667 1049 secunda,
690 1013 751 1042 sive
772 1012 930 1048 contraria„
952 1014 1008 1042 sub
1026 1013 1111 1051 judi-

221 1056 302 1086 cium
319 1056 460 1097 sapientis
481 1061 510 1086 et
529 1056 679 1086 delectum
698 1055 828 1085 cadunt:
853 1062 957 1096 estque
971 1055 1025 1085 illa
1040 1057 1111 1086 sub-

218 1099 298 1138 jecta
313 1099 399 1140 quasi
414 1099 539 1129 materia
554 1098 716 1139 sapientiae.
742 1099 851 1139 Itaque
871 1104 900 1128 et
915 1097 1058 1128 manendi
1078 1098 1110 1128 in

220 1142 283 1171 vita
298 1148 327 1172 et
338 1142 489 1182 migrandi
504 1142 590 1177 ratio,
607 1141 747 1171 omnibus
763 1141 798 1171 iis
814 1142 914 1177 rebus,
931 1151 1005 1182 quas
1020 1151 1112 1181 supra

221 1184 297 1219 dixi,
310 1185 470 1215 metienda.
496 1185 579 1214 Nam
596 1194 693 1224 neque
705 1184 740 1213 iis
752 1184 805 1224 qui
821 1184 930 1214 virtute
945 1184 1112 1214 retinentur

220 1227 252 1256 in
269 1228 341 1263 vitai,
359 1238 456 1268 neque
477 1228 512 1257 iis
528 1228 580 1268 qui
597 1227 659 1256 siue
675 1227 785 1257 virtute
805 1232 886 1263 sunt,
903 1237 984 1256 mors
999 1233 1042 1256 est
1057 1237 1112 1267 op-

220 1271 359 1310 petenda.
383 1271 429 1300 At
450 1282 527 1311 saepe
548 1270 680 1300 officium
703 1276 745 1299 est
761 1270 902 1310 sapientis
917 1269 1076 1300 desciscere
1091 1280 1111 1299 a

221 1314 293 1349 vita,
311 1324 380 1343 cum
397 1313 434 1343 sit
449 1313 650 1348 beatissimus,
667 1312 690 1342 si
706 1313 737 1342 id
752 1319 920 1353 opportune
931 1312 1026 1343 facere
1041 1323 1111 1353 pos-

221 1356 279 1391 sit;
304 1356 385 1397 quod
407 1362 450 1386 est
470 1356 679 1386 convenienter
695 1362 809 1385 naturae
825 1356 931 1385 vivere.
964 1355 1013 1385 Sic
1028 1355 1109 1385 enim

222 1405 353 1435 censent,
377 1399 608 1439 opportunitatis
630 1408 691 1428 esse
714 1399 800 1428 beate
821 1398 928 1428 vivere.
962 1398 1072 1438 Itaque
1091 1409 1110 1428 a

222 1442 367 1481 sapientia
383 1442 565 1482 przecipitur,
583 1453 613 1471 se
628 1442 736 1481 ipsam,
755 1442 778 1470 si
794 1452 865 1471 usus
881 1441 929 1477 sit,
946 1441 1063 1481 sapiens
1075 1447 1111 1471 ut

221 1485 381 1525 relinquat.
406 1486 627 1522 Quamobrem,
652 1494 721 1514 cum
744 1484 885 1514 vitiorum
906 1484 962 1513 ista
982 1484 1026 1513 vis
1047 1493 1107 1513 non

221 1527 269 1562 sit„
294 1534 328 1557 ut
352 1538 472 1557 causam
499 1527 624 1557 afferant
646 1527 751 1556 mortis
774 1527 969 1561 voluntariae3
993 1526 1107 1566 perspi-

221 1580 314 1600 cuum
336 1576 390 1606 est,
415 1571 505 1600 etiam
527 1571 700 1605 stultorum,
725 1570 777 1610 qui
798 1570 889 1599 iidem
912 1569 1013 1600 miseri
1035 1569 1106 1606 sint,

221 1613 353 1643 officium
375 1624 436 1643 esse
456 1623 577 1643 manere
592 1613 622 1642 in
640 1613 712 1648 vita,
737 1613 760 1642 si
776 1613 835 1642 sint
850 1612 880 1641 in
896 1613 1009 1651 majore
1024 1618 1110 1653 parte

221 1666 325 1685 earum
342 1667 454 1693 rerum,
471 1667 545 1697 quas
562 1656 728 1686 secundum
741 1662 880 1685 naturam
893 1666 955 1685 esse
969 1655 1108 1685 dicimus.

221 1698 264 1728 Et
280 1699 423 1739 quoniam
440 1699 585 1729 excedens
601 1710 616 1729 e
632 1699 704 1735 vita,
722 1704 750 1728 et
765 1708 901 1733 manens,
918 1708 1004 1738 aeque
1018 1698 1111 1727 miser

221 1747 276 1781 est,
294 1752 348 1773 nee
363 1742 546 1774 diuturnitas
562 1742 658 1783 magis
674 1742 701 1773 ei
716 1742 809 1773 vitam
825 1741 1001 1782 fugiendam
1016 1740 1110 1777 facit;
