1226 1935
207 44 250 73 58
330 42 391 74 DE
415 43 612 83 FINIBUS,
638 44 716 75 1118.
733 44 792 76 IV.
818 44 902 75 CAP.
918 44 970 74 25.

207 138 301 177 quem
321 138 373 161 vos
393 129 502 168 facitis,
527 130 697 172 quidquam
720 136 819 172 potest
838 129 996 166 accedere3
1019 136 1097 169 quo-

208 181 292 202 mam
306 173 500 213 perspicuum
516 180 571 213 est,
588 175 660 205 vitia
680 184 740 205 non
762 185 824 205 esse
844 172 984 203 omnium
999 170 1096 213 paria,

208 214 277 244 finis
293 216 442 246 bonorum
457 217 542 247 vobis
557 217 722 247 mutandus
737 223 789 247 est.
825 216 1000 246 Teneamus
1015 213 1097 244 enim

208 256 287 287 illud
298 268 415 289 necesse
427 266 482 297 est,
498 270 569 290 cum
584 270 768 301 consequens
783 259 907 300 aliquod
922 258 1035 288 falsum
1046 255 1097 292 sit,

208 300 297 337 illud,
315 302 401 340 cujus
416 301 448 331 id
463 312 646 343 consequens
662 303 711 340 sit,
727 313 787 333 non
803 312 889 342 posse
905 311 967 331 esse
982 309 1100 330 veruma

253 343 362 374 XXV.
387 344 467 381 Quae
493 352 537 375 est
563 346 656 386 igitur
682 356 772 376 causa
795 345 921 375 istarum
946 341 1101 382 angustia-

210 388 306 416 rum?
340 387 479 417 Gloriosa
504 389 663 418 ostentatio
689 389 721 418 in
747 386 954 418 constituendo
980 394 1102 416 summo

210 430 300 459 bono.
326 429 407 460 Cum
423 431 516 467 enim,
533 432 615 472 quod
631 432 791 462 honestum
808 431 856 468 sit,
876 430 907 459 id
928 429 1027 460 solum
1048 428 1103 457 bo—

212 482 288 501 num
305 483 366 502 esse
381 473 587 510 confirmatur,
605 475 720 504 tollitur
735 485 807 504 cura
821 472 1013 507 valetudinis,
1033 470 1102 499 dili-

211 515 313 555 gentia
329 515 371 545 rei
393 516 561 554 familiaris,
583 517 802 546 administratio
824 515 1006 556 reipublicae,
1030 512 1103 543 ordo

211 558 413 597 gerendorum
426 560 627 598 negotiorum,
644 559 741 590 officia
754 559 840 589 vitae:
858 558 959 598 ipsum
971 556 1103 596 denique

213 601 291 630 illud
309 601 482 639 honestum,
504 602 535 632 in
552 613 612 642 quo
628 612 689 632 uno
704 602 795 632 vultis
811 612 873 631 esse
888 600 1002 637 omnia,
1018 599 1103 628 dese-

213 643 345 673 rendum
369 649 431 674 est:
457 655 526 685 quae
548 645 776 685 diligentissime
799 650 902 674 contra
924 643 1102 673 Aristonem

213 685 356 716 dicuntur
376 698 394 716 a
407 687 587 728 Chrysippo.
620 688 671 718 Ex
693 688 728 718 eii
749 687 924 717 difficultate
940 686 1000 716 111ae
1016 684 1104 714 falla-

215 728 342 769 ciloquae
364 732 412 763 (ut
432 730 474 760 ait
498 730 624 767 Accius)
649 731 773 760 malitiae
796 736 876 760 natae
898 735 978 759 sunt.
1011 726 1105 765 Quod

215 772 298 801 enim
323 772 480 813 sapientia,
506 774 559 803 ubi
582 774 690 814 pedem
714 780 848 814 poneret,
876 782 936 802 non
960 771 1104 807 habebat,

215 815 342 845 sublatis
360 815 464 845 officiis
484 817 646 852 omnibus:
670 817 768 847 officia
787 822 889 846 autem
910 815 1105 850 tollebantur,

215 857 333 888 delectu
358 859 441 888 omni
463 864 492 889 et
511 859 683 890 discrimine
703 865 817 890 remoto
839 863 921 899 (quae
941 857 1023 888 enim
1045 865 1107 886 esse

216 906 366 941 poterant,
390 903 479 931 rebus
493 902 635 933 omnibus
650 903 691 932 sie
706 902 882 942 exaequatis,
904 907 939 931 ut
959 901 1036 930 inter
1056 908 1106 928 eas

217 943 295 972 nihil
315 944 470 974 interesset
481 946 515 981 ἓ)
531 956 569 975 ex
587 945 634 976 hit»v
650 945 796 985 angustiis
810 945 868 974 ista
883 947 1041 974 evaserunt
1056 941 1108 970 de-

215 986 335 1024 teriora,
349 997 442 1027 quam
454 987 615 1018 Aristonis.
641 988 701 1018 Illa
713 994 814 1018 tamen
827 986 994 1027 simpliciaa
1012 990 1111 1015 vestra

217 1035 347 1059 versuta.
372 1030 473 1070 Roges
485 1030 567 1060 enim
579 1031 767 1068 Aristonem,
780 1032 899 1060 bonane
911 1029 937 1059 ei
950 1028 1108 1059 videantur

217 1071 292 1110 haec,
305 1072 436 1102 vacuitas
446 1073 567 1110 doloris,
579 1074 702 1111 divitiae,
716 1073 857 1104 valetudo
868 1075 881 1102 ἓ
894 1077 992 1111 neget.
1009 1069 1108 1108 Quid,

218 1125 289 1155 quae
303 1116 450 1145 contraria
465 1122 536 1145 sunt
551 1116 608 1154 his,
626 1117 770 1147 malane?
794 1115 889 1145 nihilo
904 1114 1011 1154 magis.
1050 1113 1108 1142 Ze-

218 1167 330 1187 nonem
346 1168 450 1198 roges:
474 1159 651 1199 respondeat
667 1158 792 1189 totidem
808 1158 915 1189 verbis.
939 1156 1108 1187 Admiran-

219 1205 262 1230 tes
278 1211 450 1241 quaeramus
462 1203 499 1231 ab
513 1207 651 1242 utroque,
665 1212 799 1242 quonam
811 1201 902 1230 modo
914 1200 1009 1230 vitam
1021 1208 1109 1239 agere

219 1244 380 1283 possimus,
403 1244 429 1273 si
450 1244 526 1274 nihil
546 1245 687 1275 interesse
710 1244 812 1274 nostrii
835 1249 988 1284 putemus,
1010 1242 1110 1272 valea-

219 1296 300 1324 mus,
317 1287 428 1326 aegrine
443 1287 557 1323 simus;
582 1297 733 1325 vacemus,
750 1297 788 1317 an
800 1287 969 1317 cruciemur
984 1285 1107 1320 dolore3

219 1329 328 1369 frigus,
344 1329 457 1359 famem
470 1330 644 1371 propulsare
656 1331 817 1370 possimus,
830 1339 923 1360 necne
934 1328 1084 1369 possimus
1095 1329 1110 1357 ⁴?

220 1372 326 1409 Vives,
353 1372 453 1413 inquit
482 1373 599 1408 Aristo,
626 1373 797 1413 magnifice,
828 1378 919 1412 atque
945 1371 1086 1412 praeclare
1098 1381 1107 1399 ε

220 1415 303 1455 quod
325 1415 379 1445 erit
400 1426 531 1455 cumque
552 1416 662 1453 visum,
684 1426 787 1456 agens,
809 1425 969 1456 nunquam
985 1415 1107 1453 angere,

220 1467 379 1498 nunquam
404 1459 516 1498 cupies,
541 1469 698 1499 nunquam
725 1459 853 1488 timebis.
888 1457 974 1495 Quid
1000 1457 1108 1486 Zeno?

222 1500 367 1530 Portenta
390 1501 453 1530 haee
474 1512 535 1531 esse
558 1502 641 1538 dicit,
664 1512 718 1532 nec
742 1502 776 1531 est
794 1502 909 1531 ratione
931 1500 995 1530 ullo
1018 1499 1110 1529 modo

222 1553 308 1583 posse
328 1544 408 1579 vivi3
433 1544 484 1574 sed
500 1544 617 1574 differre
638 1545 715 1575 inter
730 1544 890 1574 honestum
906 1549 935 1573 et
950 1549 1049 1583 turpe,
1064 1542 1112 1572 ni-

223 1586 322 1616 mium
343 1592 504 1627 quantum,
527 1588 625 1618 neseio
646 1588 720 1628 quid
735 1588 938 1617 immensum:
963 1586 1041 1616 inter
1055 1595 1112 1615 cze-

224 1634 301 1659 teras
317 1639 362 1660 res
374 1629 450 1659 nihil
465 1631 589 1661 omnino
600 1631 750 1661 interesse.
785 1630 872 1660 Idem
888 1629 1006 1659 adhuc:
1025 1628 1111 1663 (audi

225 1672 352 1713 reliqua,
374 1678 403 1702 et
422 1673 516 1703 risum
537 1673 667 1711 contine,
689 1674 713 1704 si
731 1678 839 1715 potes.)
863 1672 970 1702 Media
984 1671 1047 1709 illa,
1064 1670 1111 1700 in-

225 1715 304 1756 quit,
327 1715 405 1746 inter
419 1726 489 1757 quae
504 1716 580 1747 nihil
595 1716 729 1754 interest,
751 1722 853 1747 tamen
866 1714 1014 1754 ejusmodi
1029 1719 1111 1751 sunt,
