1226 1935
177 77 218 107 28
298 76 360 109 DE
384 78 582 118 FINIBUS,
607 78 686 110 Lm.
704 79 770 110 111.
795 79 879 112 CAP.
894 82 947 111 22.

177 163 251 192 tiam
268 169 370 194 autem
386 164 589 195 adhibendam
605 175 667 196 esse
682 171 814 204 censent,
839 167 911 208 quia
927 167 964 198 sit
979 177 1015 197 ex
1032 177 1066 197 eo

176 216 296 248 genere,
313 218 382 248 quae
396 208 521 248 prosint.
551 208 751 249 Quamquam
766 215 868 239 autem
884 210 915 239 in
932 210 1065 240 amicitia

177 248 229 278 alii
245 249 356 287 dicant,
373 261 458 291 aeque
474 261 572 280 caram
588 262 650 281 esse
666 252 792 292 sapienti
805 252 951 283 rationem
964 253 1065 290 amici,

178 301 213 321 ac
228 302 335 328 suam3
359 293 411 322 alii
427 299 529 323 autem
542 294 598 323 sibi
613 294 722 335 cuique
738 295 881 325 cariorem
897 306 982 326 suam
995 306 1003 331 ;
1022 301 1067 325 ta-

178 343 248 363 men
264 334 297 364 hi
312 346 433 376 quoque
453 336 629 376 posteriores
650 337 793 375 fatentur,
817 338 951 368 alienum
972 349 1034 368 esse
1049 349 1067 367 a

175 377 305 415 justitia,
321 378 359 407 ad
375 389 468 419 quam
485 379 548 409 nati
564 390 625 409 esse
641 380 808 418 videamur,
821 380 976 411 detrahere
993 380 1067 421 quid

179 419 216 449 de
225 420 338 460 aliquo,
356 421 437 461 quod
453 422 510 451 sibi
525 428 667 452 assumat.
691 423 826 453 Minime
841 434 910 453 vero
922 425 1067 464 probatur

178 461 249 492 huic
270 463 447 503 disciplinae,
468 464 506 494 de
528 465 590 505 quit
611 466 728 505 loquor,
753 472 805 496 aut
829 466 993 496 amicitiam
1015 472 1068 496 aut

176 505 327 543 justitiam
344 512 465 547 propter
480 507 623 537 utilitates
638 508 761 538 adscisci
776 514 828 538 aut
844 509 973 548 probari.
998 509 1068 538 13ae-

178 547 247 577 dem
269 549 350 578 enim
366 549 510 580 utilitates
531 556 672 590 poterunt
695 561 743 580 eas
763 551 953 589 labefactare,
977 557 1069 592 atque

178 597 354 630 pervertere.
378 592 503 622 Etenim
515 603 569 622 nec
583 593 700 631 justitia
714 603 768 623 nec
783 593 915 623 amicitia
927 604 989 623 esse
1002 604 1068 623 om-

178 633 251 663 nino
267 640 419 674 poterunt,
436 635 493 664 nisi
508 635 581 675 ipsae
596 646 649 675 per
664 646 694 665 se
716 641 904 675 expetantur.
934 637 955 665 J
959 647 994 666 us
1014 647 1069 666 au-

179 681 252 713 tem,
278 677 360 717 quod
381 678 423 706 ita
444 677 502 707 dici
525 678 731 718 appellarique
752 678 854 718 possit,
879 678 910 707 id
930 689 991 709 esse
1014 689 1067 709 na-

179 719 248 749 tura
260 731 267 748 ι
285 719 480 760 alienumque
496 731 558 750 esse
573 731 591 750 a
603 721 735 761 sapiente
748 731 808 750 non
820 721 911 751 modo
923 721 1069 760 injuriam

179 761 228 791 cui
244 762 350 799 facere,
369 773 473 792 verum
486 763 576 793 etiam
589 773 703 793 nocere.
728 764 794 793 Nec
810 774 879 794 vero
895 771 1010 794 rectum
1027 770 1071 794 est

179 814 249 833 cum
266 805 369 834 amicis
385 811 438 835 aut
453 807 529 836 bene
549 806 663 836 meritis
683 806 849 836 consociare
871 813 923 836 aut
944 808 1070 846 conjun-

179 857 249 886 gere
269 847 433 885 injuriam:
458 849 693 889 gravissimeque
714 855 742 879 et
763 849 914 879 verissime
935 850 1070 880 defendi-

180 895 241 926 tur,
265 899 424 930 nunquam
443 892 615 931 aequitatem
631 893 669 921 ab
685 892 814 921 utilitate
829 903 914 932 posse
929 893 1047 933 sejungi
1059 905 1068 922 :

182 938 222 967 et,
247 932 397 973 quidquid
422 945 544 974 aequum
564 935 744 975 justumque
759 941 844 971 esset,
862 935 892 964 id
908 935 999 965 etiam
1016 936 1070 965 ho-

181 981 322 1011 nestum;
349 976 549 1017 vicissimque,
573 977 722 1017 quidquid
748 984 822 1007 esset
842 977 1014 1017 honestum,
1038 978 1070 1008 id

178 1018 296 1056 justum
313 1019 403 1048 etiam
419 1025 510 1060 atque
526 1030 648 1060 aequum
664 1020 736 1050 fore.

224 1061 277 1090 Ad
293 1072 401 1102 easque
413 1062 548 1099 virtutes,
562 1062 598 1092 de
611 1063 721 1104 quibus
734 1063 923 1103 disputatum
935 1069 989 1101 est,
1006 1064 1072 1094 dia-

180 1103 317 1133 lecticam
335 1105 424 1134 etiam
440 1105 623 1145 adjungunt,
641 1112 669 1135 et
685 1106 862 1146 physic-anu
881 1117 989 1147 easque
1005 1117 1071 1136 am-

181 1147 234 1175 bas
250 1146 397 1176 virtutum
413 1148 536 1177 nomine
551 1148 725 1188 appellant:
751 1149 888 1187 alteram,
913 1149 995 1190 quod
1015 1150 1070 1179 ha-

181 1190 250 1218 beat
262 1189 420 1226 rationem,
431 1200 468 1220 ne
479 1191 526 1220 cui
539 1191 614 1220 falso
625 1191 834 1230 assentiamur,
846 1201 920 1221 neve
933 1202 1071 1232 unquam

182 1232 313 1272 captiosa
328 1233 538 1273 probabilitate
552 1234 707 1271 fallamur,
724 1244 831 1274 eaque,
848 1245 917 1275 quae
932 1235 969 1265 de
985 1235 1071 1265 bonis

182 1279 211 1304 et
237 1275 325 1305 malis
351 1276 528 1313 diceremus,
559 1283 594 1306 ut
619 1283 719 1306 tenere
746 1276 884 1317 tuerique
910 1278 1070 1318 possimus.

182 1317 214 1346 N
218 1327 279 1353 ani,
304 1318 366 1348 sine
382 1318 437 1348 hac
453 1326 526 1355 arte,
550 1319 688 1359 quemvis
704 1319 887 1349 arbitrantur
902 1331 920 1350 a
933 1331 1001 1350 vero
1017 1321 1071 1350 ab-

181 1359 263 1397 duci,
280 1360 417 1401 fallique⁷
434 1372 528 1401 posse.
553 1363 646 1392 Recte
661 1361 764 1401 igitur,
781 1362 806 1391 si
821 1363 963 1393 omnibus
978 1364 1009 1393 in
1026 1374 1072 1393 re-

181 1402 239 1432 bus
252 1403 402 1433 temeritas
418 1404 625 1445 ignoratioque
641 1405 746 1435 vitiosa
758 1410 812 1442 est,
829 1406 867 1435 ab
880 1405 927 1436 his
939 1416 985 1444 ea,
1002 1417 1072 1447 quae

182 1445 262 1475 tollit
277 1446 351 1483 haec,
368 1446 462 1477 virtus
477 1447 633 1477 nominata
648 1454 701 1477 est.

226 1488 340 1518 XXII.
366 1489 503 1529 Physicae
523 1500 644 1531 quoque
665 1499 725 1520 non
746 1490 810 1520 sine
828 1490 919 1521 causa
938 1492 1070 1522 tributus

182 1530 264 1561 idem
287 1536 331 1561 est
355 1531 471 1569 honos;
495 1539 652 1573 propterea
673 1532 766 1573 quod,
783 1534 837 1573 qui
858 1535 1071 1565 convenienter

183 1579 299 1604 naturae
314 1574 447 1605 victurus
462 1575 510 1614 sit,
527 1575 555 1605 ei
571 1582 600 1605 et
611 1576 862 1616 proficiscendum
878 1582 921 1607 est
933 1579 971 1607 ab
986 1578 1072 1607 omni

183 1616 311 1655 mundo,
333 1622 363 1647 et
388 1619 426 1648 ab
449 1618 513 1657 ejus
535 1619 753 1659 procuratione.
792 1619 859 1649 Nec
883 1630 952 1650 vero
974 1626 1073 1661 potest

184 1658 348 1700 quisquam
368 1660 406 1690 de
427 1661 514 1691 bonis
535 1667 566 1691 et
587 1661 624 1691 de
646 1661 734 1692 malis
757 1671 825 1692 vere
844 1662 991 1701 judicare,
1015 1663 1073 1693 nisi

183 1702 269 1732 omni
283 1702 404 1743 cognita
418 1703 532 1734 ratione
547 1710 673 1741 naturae‚
683 1710 714 1734 et
723 1704 791 1734 vitae
806 1704 897 1734 etiam
913 1705 1050 1735 Deorum
1062 1717 1071 1741 ;

185 1750 217 1775 et
232 1751 335 1776 utrum
345 1746 516 1785 conveniat,
532 1757 636 1786 necne,
653 1753 761 1778 natura
775 1747 907 1779 hominis
919 1759 989 1780 cum
1005 1749 1074 1779 uni-
