1226 1935
213 63 274 98 174
333 63 456 95 TUSC.
474 63 646 102 QUAEST.
663 64 742 95 Lm.
760 64 806 95 11.
824 64 906 96 cir.
924 66 964 95 22

207 149 302 179 bonos
317 149 439 187 milites,
461 155 622 188 revocatos,
639 150 817 191 dignitatem
838 151 925 181 tueri.
956 151 1028 181 Non
1049 153 1096 182 ni-

206 192 264 221 mis
279 192 309 221 in
328 193 446 233 Niptris
461 193 511 223 ifle
527 193 762 233 sapientissimus
779 194 904 224 Graeciae
919 194 1036 225 saucius
1050 195 1095 225 la-

207 241 372 273 mentatur,
390 236 436 266 vel
452 236 568 266 modice
583 237 703 276 potius:

249 294 272 310 “
289 292 502 323 Pedetentim”
525 294 650 333 (inquit)
674 296 696 311 “
711 294 762 330 ite,
785 300 814 324 et
832 294 933 325 sedato
953 294 1033 333 nisu,
1055 304 1094 325 ne

333 346 473 366 succussu
490 336 613 376 arripiat
628 337 725 376 major
740 337 858 367 dolor.’'

206 405 358 436 Pacuvius
373 405 436 436 haec
451 406 571 443 melius,
586 417 678 446 quam
696 407 866 447 Sophocles.
890 407 987 448 Apud
1003 408 1091 438 illum

205 449 286 478 enim
302 459 449 489 perquam
464 449 603 478 flebiliter
625 449 748 489 Ulysses
769 450 952 480 lamentatur
972 451 1002 480 in
1024 452 1091 481 vul-

204 501 293 521 nere:
319 497 420 522 tamen
437 492 507 521 huic
528 492 632 521 leviter
652 492 794 531 gementi,
816 493 862 522 ini
883 493 950 532 ipsi,
973 494 1026 534 qui
1047 494 1091 523 fe-

202 540 275 564 runt
301 535 448 571 saucium,
475 545 610 574 personae
635 534 814 574 gravitatem
840 535 1002 574 intuentes,
1029 546 1089 566 non

203 576 382 607 dubitarunt
398 577 513 607 dicere:

245 635 267 650 “
284 633 335 662 lu
358 643 490 673 quoque,
512 633 649 673 Ulysses,
671 643 860 674 quamquam
881 634 1011 674 graviter
1026 645 1088 665 cer-

328 675 430 705 nimus
444 676 551 713 ictum,

241 718 344 749 Nimis
373 729 459 758 paene
483 719 585 749 animo
615 729 645 749 es
671 719 774 755 moili3
800 719 864 760 qui,
881 726 1039 751 consuetus
1055 721 1086 750 in

329 771 419 791 armis
436 772 535 792 aeVllnl
552 762 661 802 agere„
666 785 745 793 ......

197 832 347 873 Intelligit
367 833 456 873 po'eta
471 832 614 873 prudens,
636 832 750 863 ferendi
771 832 880 863 doloris
895 833 1086 863 consuetudi-

195 885 266 905 nem
282 886 343 905 esse
358 886 419 905 non
432 876 681 905 contemnendam
694 876 879 916 magistram.
911 876 1018 917 Atque
1034 877 1085 907 ille

196 928 257 948 non
272 918 469 949 immoderate
483 929 594 959 magno
610 919 640 948 in
657 918 777 949 dolore:

238 980 261 996 “
276 978 426 1015 Retinete,
443 984 551 1015 tenete,
568 978 739 1018 opprimite,

236 1021 332 1052 Ulcus
348 1021 469 1051 nudate.
495 1021 566 1051 Heu
583 1021 727 1051 miserum
742 1021 812 1051 me!
838 1021 1024 1051 excrucior.''

194 1092 307 1133 Incipit
321 1092 382 1122 labi
395 1104 403 1122 :
428 1092 535 1122 deinde
551 1093 630 1122 illico
646 1092 765 1129 desinit,

237 1154 259 1169 ‘⁶
277 1151 413 1192 operite,
430 1152 590 1188 abscedite,
604 1152 735 1190 jamjam
751 1151 871 1181 mittite.

234 1195 318 1225 Nam
335 1201 492 1225 attrectatu
508 1200 537 1225 et
552 1205 664 1236 quassu
680 1204 794 1225 saevum
815 1194 1005 1235 amplificatis
1026 1194 1079 1225 do-

319 1238 448 1268 lore1n.‘’

190 1308 335 1345 Videsne,
359 1313 393 1338 ut
414 1307 610 1345 obmutuerit,
636 1317 696 1337 non
721 1306 840 1337 sedatus
861 1307 1001 1347 corporis,
1026 1307 1077 1337 sed

188 1352 349 1391 castigatus
365 1351 470 1387 animi,
495 1351 603 1380 dolor?
630 1351 736 1390 Itaque
752 1351 783 1379 in
800 1350 941 1380 extremis
958 1350 1077 1391 Niptris

187 1395 261 1424 alios
277 1404 398 1435 quoque
412 1394 564 1434 objurgat,
581 1393 672 1433 idque
688 1393 838 1423 moriens:

231 1455 254 1472 “
271 1453 424 1494 Conqueri
447 1453 601 1483 fortunam
625 1452 792 1489 adversam,
818 1462 879 1482 non
902 1452 1073 1490 lamentari,

315 1496 406 1526 decet.

229 1539 267 1570 Id
285 1539 340 1569 viri
362 1545 405 1568 est
425 1538 579 1569 officium:
604 1538 691 1569 fletus
711 1538 853 1568 muliebri
877 1538 999 1579 ingenio
1019 1538 1073 1568 ad-

314 1582 427 1612 ditus.'’

187 1655 291 1693 Hujus
306 1654 401 1684 animi
415 1664 484 1694 pars
499 1653 551 1682 issa
572 1653 692 1682 mollior
712 1652 820 1682 rationi
841 1652 881 1683 sic
901 1652 1013 1693 paruit,
1037 1657 1072 1682 ut

184 1707 285 1728 severo
300 1697 472 1737 imperatori
487 1696 574 1726 miles
589 1696 715 1736 pudens.

226 1740 340 1771 XXII.
366 1740 403 1770 In
420 1750 480 1780 quo
497 1750 565 1770 vero
586 1739 640 1769 erit
655 1738 786 1780 perfecta
801 1738 946 1781 sapientia
967 1741 1072 1779 (quem
