1226 1935
207 51 268 80 252
340 48 464 79 TUSC.
482 48 653 87 QUAEST.
671 49 750 80 Lm.
767 49 807 80 V.
826 49 908 81 CAP.
925 51 955 81 2.

206 134 370 166 vivendum
396 135 428 164 in
452 135 561 165 virtute
585 135 656 166 satis
681 141 747 171 est3
779 135 847 176 quis
871 141 925 172 est,
950 135 1002 176 qui
1028 145 1088 165 non

205 178 347 218 przeclare
368 183 397 207 et
418 179 456 207 ab
478 178 538 208 illis
558 178 696 218 positam,
719 184 748 208 et
765 189 783 208 a
802 178 889 208 nobis
909 184 1089 219 susceptam,

206 231 329 261 operam
345 220 577 261 philosophandi
592 221 751 251 arbitretur
763 223 776 251 ἓ
790 221 853 260 ‚Sin
866 227 967 251 autem
984 221 1090 259 virtus,

206 264 342 302 subjecta
361 264 417 293 sub
433 264 528 293 varios
548 263 735 304 incertosque
750 274 845 300 casus,
862 264 979 294 famula
997 263 1093 293 fortu-

207 316 255 336 nae
270 312 324 343 est,
341 316 395 336 nee
410 311 562 335 tantarum
579 306 688 336 virium
705 312 758 343 est,
776 312 810 336 ut
825 317 855 336 se
871 306 936 347 ipsa
951 312 1092 341 tueatur;

207 359 320 386 vereor,
340 359 377 378 ne
393 358 452 378 non
474 355 536 378 tam
558 349 676 379 virtutis
696 349 807 379 fiducia
827 349 986 379 nitendum
1007 348 1094 379 nobis

208 391 246 421 ad
271 402 355 431 spem
381 392 467 421 beate
491 392 620 430 vivendi,
642 402 735 432 quam
759 398 827 422 vota
852 392 989 422 facienda
1012 391 1094 422 vide-

209 440 308 464 antur.

251 476 405 517 Equidem
427 487 475 506 eos
496 487 592 512 casus,
614 477 644 506 iu
662 477 772 517 quibus
792 487 841 507 me
862 476 984 507 fortuna
1004 477 1094 507 vehe-

208 526 326 550 menter
341 519 485 553 exercuit,
502 529 622 549 mecum
639 519 701 559 ipse
716 520 915 557 considerans,
935 521 1006 550 huie
1021 520 1096 550 inci-

208 563 260 603 pio
277 562 432 591 sententiae
447 561 580 591 diffidere
600 562 764 600 interdum,
782 568 810 592 et
832 563 959 592 humani
980 563 1097 603 generis

210 605 448 635 imbecillitatem
471 604 727 645 fragilitatemque
750 605 949 635 extimescere.
982 606 1097 635 Vereor

210 647 303 683 enim,
317 657 355 676 ne
370 652 489 682 natura,
502 657 570 676 cum
584 657 706 687 corpora
722 648 807 677 nobis
823 647 943 677 infirma
958 648 1096 685 dedisset,

209 690 307 730 iisque
323 695 351 719 et
370 691 491 719 morbos
514 690 693 723 insanabiles
714 696 743 720 et
763 690 879 720 dolores
898 691 1099 722 intolerabiles

211 732 410 771 adjunxisset,
428 732 544 762 animos
560 743 680 773 quoque
696 732 810 763 dederit
828 739 857 763 et
872 743 1029 774 corporum
1046 734 1099 763 do-

211 775 325 805 loribus
348 780 555 814 congruentes,
578 782 606 805 et
626 776 785 816 separatim
806 776 867 806 suis
887 777 1049 816 angoribus
1070 782 1100 807 et

211 818 357 848 molestiis
383 817 562 857 implicatos.
596 818 655 848 Sed
679 818 709 847 in
735 819 791 849 hoc
816 829 866 848 me
889 819 952 859 ipse
975 820 1098 860 castigo,

212 861 306 901 quod,
324 871 361 890 ex
377 860 506 889 aliorum
523 867 551 891 et
573 871 609 890 ex
623 861 723 891 nostra
736 862 859 892 fortasse
878 862 1017 899 mollitia,
1039 872 1100 893 non

213 914 251 934 ex
262 904 327 944 ipsit
340 903 459 939 virtute,
473 903 510 932 de
522 903 639 934 virtutis
652 905 756 934 robore
768 905 916 934 existimo.
935 905 994 934 Illa
1006 906 1099 942 enim,

213 946 238 977 si
263 946 354 976 modo
380 952 423 976 est
446 946 511 975 ulla
526 947 619 976 virtus
642 950 749 987 (quam
771 947 989 977 dubitationem
1005 958 1101 978 avun-

213 990 300 1019 culus
319 995 401 1025 tuus,
422 989 528 1025 Brute,
551 989 705 1025 sustulit);
730 990 843 1027 omnia,
861 1001 929 1031 quae
945 991 1048 1021 cadere
1068 991 1100 1021 in

214 1032 370 1062 hominem
382 1037 518 1072 possunt,
531 1033 631 1061 subter
643 1043 672 1062 se
684 1033 793 1062 habet:
820 1044 914 1073 eaque
925 1033 1100 1074 despiciens,

214 1086 300 1106 casus
324 1074 489 1105 contemnit
510 1075 680 1110 humanos;
704 1076 854 1116 culpfique
877 1076 961 1105 omni
988 1087 1100 1115 carens,

213 1126 322 1160 praeter
343 1128 374 1148 se
394 1118 503 1157 ipsam,
523 1117 599 1147 nihil
619 1124 716 1148 censet
737 1118 775 1148 ad
796 1130 826 1148 se
846 1119 1002 1159 pertinere.
1036 1120 1102 1150 Nos

215 1168 330 1197 autem,
348 1160 450 1191 omnia
466 1160 590 1190 adversa
602 1167 668 1190 tum
685 1161 834 1191 venientia
848 1168 931 1191 metu
947 1168 1101 1202 augentes,

216 1211 284 1236 tum
300 1213 425 1233 moerore
440 1203 609 1244 praesentia,
626 1214 727 1233 rerum
742 1210 894 1243 naturam,
912 1215 1005 1246 quam
1024 1215 1103 1236 erro-

216 1258 281 1279 rem
298 1252 446 1282 nostrum,
464 1246 609 1276 damnare
624 1247 788 1277 malumus.

260 1290 307 1321 11.
331 1289 391 1319 Sed
412 1294 440 1319 et
460 1289 552 1328 hujus
576 1289 684 1329 culpae,
708 1295 738 1319 et
761 1296 936 1320 caeterorum
960 1290 1103 1321 vitiorum

216 1339 469 1379 peccatorumque
484 1338 665 1369 nosti-mum,
687 1332 785 1363 omnis
805 1344 822 1362 a
841 1333 1032 1374 philosophia
1052 1345 1105 1375 pe-

217 1376 308 1407 tenda
331 1374 470 1405 correctio
494 1380 545 1404 est.
581 1375 649 1414 Cuj
647 1386 679 1405 is
698 1375 729 1404 iu
750 1375 850 1405 sinum
871 1386 907 1406 cu
910 1387 941 1406 m
963 1387 981 1406 a
1000 1377 1105 1417 primis

218 1417 405 1460 temporibus
429 1417 523 1447 aetatis
547 1423 648 1447 nostra
671 1418 809 1448 voluntas
833 1419 1028 1460 studiumque
1052 1430 1106 1450 nos

218 1461 423 1503 compulisset,
439 1460 486 1490 his
501 1460 684 1500 gratissimis
701 1461 840 1491 casibus'
833 1471 864 1491 m
880 1462 1021 1492 eumdem
1036 1473 1106 1503 por-

219 1511 298 1542 tum,
315 1514 352 1534 ex
368 1513 429 1543 quo
449 1513 567 1533 eramus
589 1504 708 1543 egressi,
725 1504 836 1544 magua
853 1505 957 1543 jactati
976 1511 1107 1547 tempes-

219 1554 324 1584 tate,c
310 1546 510 1586 confugimus.
536 1546 566 1576 Ο
577 1547 644 1576 vitae
659 1547 849 1587 philosophia
864 1547 944 1578 dux!
962 1559 980 1578 0
990 1548 1108 1579 virtutis

219 1570 419 1630 indagatrix?
421 1589 635 1630 expultrixque
654 1590 816 1620 vitiorum!
842 1590 927 1631 quid,
939 1601 998 1621 non
1015 1591 1108 1622 modo

220 1644 286 1671 nos,
293 1617 355 1663 Dsed
370 1631 494 1662 omnino
506 1632 567 1662 vita
578 1632 739 1662 hominum
752 1632 815 1663 sine
827 1639 856 1663 te
867 1644 928 1664 esse
939 1634 1107 1674 potuisset?

221 1677 273 1707 Tu
290 1676 379 1706 urbes
394 1674 553 1716 peperisti:
579 1681 612 1705 tu
630 1675 787 1716 dissipatos
809 1675 946 1706 homines
965 1677 996 1707 in
1017 1677 1109 1708 socie-

222 1726 316 1751 tatem
332 1718 401 1749 vitae
415 1717 602 1749 convocasti:
627 1725 661 1749 tu
682 1729 731 1749 eos
751 1718 829 1749 inter
848 1730 878 1750 se
898 1719 996 1761 primo
1011 1720 1109 1750 domi-
