1180 1935
188 75 250 107 DE
274 75 382 107 NAT.
399 72 537 106 DEOR.
556 73 634 104 Lm.
654 75 698 105 ΙΙ.
716 74 800 106 ΟΜ».
816 77 868 106 44.
913 77 978 114 379

122 161 179 200 At,
196 167 317 203 propter
330 162 443 192 laevum
459 170 566 201 genuS,
582 161 666 190 omni
681 171 717 191 ex
734 168 819 202 parte
833 163 945 195 locatas

79 214 81 216 ·
123 204 236 235 Parvas
252 205 401 245 Vergilias
416 203 499 234 tenui
515 213 584 233 cum
600 204 667 234 luce
683 204 806 235 videbis.

120 246 195 276 Inde
211 246 300 276 Fides
315 247 419 276 leviter
434 247 530 287 posita
545 252 573 276 et
587 256 721 276 convexa
736 247 864 278 videtur.

117 289 195 318 Inde
209 295 253 319 est
268 289 328 319 ales
343 289 405 319 avis
420 290 481 319 lato
496 291 552 319 sub
569 289 701 330 tegmine
716 290 814 320 culi-'⁵

71 358 172 400 Capiti
192 366 293 390 autem
315 360 398 400 Equi
416 360 569 401 proximat
582 360 715 401 Aquarii
733 360 850 401 dextra,
868 369 964 394 totus*

70 412 130 442 que
145 402 283 444 deinceps
298 403 466 444 Aquarius.

110 464 133 479 “
146 462 231 492 Tum
246 463 381 503 gelidum
397 463 496 493 valido
511 462 548 493 de
563 470 681 503 pectore
692 463 788 504 frigus
801 465 958 503 anhelans,

108 504 241 546 Corpore
256 506 404 543 semifero,
420 516 533 546 magno
549 507 750 547 Capricornus
764 508 796 537 in
811 509 903 544 orbe;

106 548 210 586 Quem
227 559 297 579 cum
312 555 457 589 perpetuo
473 549 590 579 vestivit
604 549 721 580 lumine
736 550 842 588 Titan,

106 591 248 622 Brumali
263 592 383 622 flectens
398 598 576 633 contorquet
591 598 726 633 tempore
741 594 898 624 currum.”

60 661 144 692 Hinc
158 668 261 693 autem
275 663 451 704 adspicitur,

100 723 123 739 “
136 721 181 751 Ut
195 731 257 751 sese
271 722 429 752 ostendens
444 722 570 762 emergit
586 723 727 772 Scorpius
742 724 812 762 alte,

99 764 266 794 Posteriore
282 765 402 795 trahens
418 765 533 795 flexum
549 765 578 794 vi
594 767 724 806 corporis
739 777 861 803 arcum;

97 807 200 845 Quem
216 814 338 848 propter
353 808 450 838 nitens
465 809 572 848 pennis
587 810 775 840 convolvitur
790 811 860 841 ales.

92 852 139 880 At
153 857 276 891 propter
292 862 322 882 se
337 851 456 892 Aquila
467 851 584 882 ardenti
596 862 666 882 cum
680 863 802 894 corpore
813 854 947 894 portat.’'

48 921 169 958 Deinde
184 921 377 962 Delphinus3

92 984 114 1000 “
127 981 250 1012 Exinde
264 981 362 1013 Orion
378 981 503 1022 obliquo
519 991 642 1022 corpore
657 981 790 1012 nitens.''

46 1055 150 1094 Quem
164 1056 359 1096 subsequens,

90 1116 113 1132 “
126 1113 272 1145 Fervidus
286 1114 338 1144 ille
353 1113 445 1144 Canis
460 1113 616 1149 stellarum
631 1113 698 1144 luce
710 1113 873 1156 refulget.''

46 1185 120 1218 Post
134 1186 238 1227 Lepus
253 1185 458 1227 subsequitur,

87 1247 110 1263 ‘⁶
123 1244 318 1275 Curriculum
333 1249 493 1287 nunquam
508 1243 625 1274 defesso
640 1253 761 1284 corpore
776 1242 893 1274 sedans.

87 1288 134 1318 At
149 1288 241 1319 Canis
256 1288 295 1318 ad
308 1288 438 1318 caudam
454 1297 574 1328 serpens
589 1287 757 1328 prolabitur
771 1287 870 1327 Argo.

86 1331 177 1362 Hanc
191 1331 282 1361 Aries
298 1331 382 1372 tegit,
399 1337 428 1361 et
443 1341 603 1371 squamoso
619 1340 741 1370 corpore
758 1330 869 1368 Pisces,

84 1374 235 1405 Fluminis
249 1374 359 1405 illustri
375 1380 548 1415 tangentem
563 1383 685 1414 corpore
700 1373 779 1414 ripas
792 1373 827 1409 ;'’

37 1457 131 1488 quem
144 1446 234 1487 longe
248 1451 417 1487 serpentem
432 1451 461 1475 et
475 1451 652 1475 manantem
667 1444 833 1485 adspicies,

83 1529 204 1537 .........
222 1508 244 1523 “
259 1506 447 1546 Proceraque
461 1505 573 1535 Vincla
588 1504 714 1541 videbis,

79 1550 159 1587 Quae
174 1548 303 1578 retinent
318 1549 429 1586 Pisces,
447 1548 610 1578 caudarum
628 1558 646 1577 a
660 1553 745 1588 parte
760 1547 866 1576 locata.

78 1592 156 1624 Inde
172 1592 269 1632 Nepae
284 1601 385 1621 cernes
399 1598 520 1632 propter
534 1591 680 1631 fulgentis
695 1599 833 1626 acumen,

76 1636 187 1673 Aram,
204 1645 297 1676 quam
313 1634 386 1664 flatu
402 1635 569 1675 permulcet
583 1634 706 1675 spiritus
720 1632 863 1663 Austri.''

34 1707 161 1747 Propter
175 1716 255 1746 quae,
272 1705 443 1736 Centaurus

75 1767 98 1784 “
111 1765 210 1805 eecht,
227 1764 310 1806 Equi
325 1770 424 1806 partes
439 1774 604 1807 properans
615 1765 809 1805 submergere
820 1762 912 1794 chelis

1160 1599 1180 1667 9⁸1-
1163 1396 1180 1586 aa...‹;›....«..;.—;
1164 1341 1180 1385 mx·
1174 1299 1180 1330 „ff
1162 1252 1178 1278 μ’
1168 1218 1173 1234 υ
