1226 1935
207 103 249 134 26
327 103 390 136 DE
414 105 611 145 FINIBUS,
636 105 715 136 Lm.
733 105 798 137 ΙΙΙ.
823 105 907 137 CAP.
924 106 976 136 20‘.

205 199 285 228 rens,
310 196 339 221 et
358 191 453 222 civilis
475 192 564 223 officii
584 202 644 222 non
660 193 795 232 ignarus,
818 192 942 222 utilitati
958 191 1096 222 omnium

205 232 286 272 plus,
311 245 402 274 quam
421 235 510 265 unius
526 235 664 274 alicujus,
689 242 742 265 aut
757 246 829 271 suae,
854 235 993 265 consulit.
1030 235 1096 265 Nec

204 276 303 316 magis
320 277 535 318 vituperandus
556 284 599 308 est
621 278 754 319 proditor
772 278 887 318 patriae,
905 288 997 318 quam
1015 288 1097 307 com-

204 319 306 349 munis
333 320 471 350 utilitatis
497 328 550 351 aut
573 322 676 351 salutis
700 321 842 357 desertor,
866 327 988 361 propter
1010 331 1097 350 suam

204 361 368 392 utilitatem
384 370 436 393 aut
452 364 589 393 salutem.
615 364 665 393 Ex
682 374 742 404 quo
758 364 802 399 fit,
820 369 854 393 ut
868 363 1040 393 laudandus
1059 363 1097 393 sit

204 403 241 440 is,
266 405 318 445 qui
340 412 469 436 mortem
491 413 613 455 oppetat
633 417 687 446 pro
709 406 874 447 republica,
898 405 978 446 quod
990 406 1097 437 ,deceat

205 447 348 478 caiiorem
380 459 441 479 esse
472 450 600 489 patriam
632 449 728 485 nobis,
763 459 856 489 quam
887 448 1094 489 nosmetipsos.

205 489 423 532 Quoniamque
435 492 488 522 illa
503 503 561 522 vox
578 492 745 521 inhumana
761 498 789 522 et
812 492 953 521 scelerata
975 491 1096 521 ducitur

203 542 320 570 eorum,
334 534 387 574 qui
399 541 510 575 negant
522 546 552 565 se
565 545 709 572 recusare,
727 534 902 575 quominus,
919 534 991 574 ipsis
1015 544 1096 563 mor-

203 575 274 613 tuis,
289 582 436 606 terrarum
449 578 587 607 omnium
600 577 775 617 deflagratio
787 583 987 617 consequatur
1000 576 1096 617 (quod

203 619 321 659 vulgari
337 620 470 660 quodam
486 631 572 650 versu
586 622 692 650 Graeco
704 620 893 660 pronuntiari
905 620 1004 655 solet),
1018 625 1096 649 certe

203 670 309 691 verum
332 668 386 699 est,
409 663 499 692 etiam
521 663 567 699 iis,
588 663 640 703 qui
657 662 820 703 aliquando
835 662 931 691 futuri
947 662 1017 700 sint,
1035 672 1096 692 esse

202 711 324 745 propter
339 705 419 745 ipsos
435 706 664 735 consulendum.

246 747 322 777 XX.
356 748 406 777 Ex
430 748 485 778 hac
508 748 680 778 animorum
708 748 874 785 affectione,
903 753 1093 785 testamenta,

203 790 540 831 commendationesque
561 791 755 821 morientium
776 797 854 820 natae
876 797 954 820 sunt.
988 791 1096 828 Quod-

203 843 263 872 que
279 843 368 863 nemo
383 834 414 863 in
431 834 592 864 solitudine
608 834 700 864 vitam
714 845 801 874 agere
817 834 898 869 velit,
917 843 953 863 ne
966 844 1035 864 cum
1049 834 1096 863 in-

203 875 289 905 finita
310 876 434 916 quidem
456 877 647 917 voluptatum
669 876 876 911 abundanti&
901 876 987 906 facile
1008 876 1097 906 intel-

201 917 318 966 ligitur,
332 929 385 949 nos
401 919 439 949 ad
451 920 692 958 conjunctionem
706 919 1029 960 congregationemque
1041 919 1096 948 110-

202 961 334 998 minum,
359 968 388 992 et
403 962 441 992 ad
457 963 624 992 naturalem
643 962 904 997 communitatem,
922 972 983 991 csse
1000 969 1094 991 natos.

203 1003 397 1044 Impellimur
409 1011 511 1035 autem
524 1006 625 1035 natur
616 1018 644 1041 1,
656 1011 689 1034 ut
699 1005 837 1045 prodesse
848 1005 976 1035 velimus
987 1015 1095 1045 quam-

202 1047 353 1086 plurimis,
377 1047 408 1077 in
425 1048 591 1088 primisque
607 1048 750 1083 docendo,
775 1047 1002 1088 rationibusque
1022 1058 1095 1088 pru-

202 1088 311 1119 dentiae
327 1091 487 1121 tradendis.
514 1092 622 1132 Itaque
638 1101 698 1121 non
714 1091 801 1120 facile
814 1098 857 1120 est
869 1091 1014 1127 invenire,
1028 1090 1093 1130 qui,

202 1132 284 1171 quod
300 1133 372 1163 sciat
387 1134 461 1174 ipse,
479 1144 539 1163 non
556 1134 654 1163 tradat
670 1134 764 1164 alteri
800 1134 849 1163 Ita
864 1144 923 1163 non
941 1134 1039 1163 solum
1056 1133 1094 1162 ad

202 1174 380 1206 discendum
402 1176 542 1217 propensi
564 1187 679 1213 sumus,
703 1187 808 1206 verum
825 1176 915 1206 etiam
931 1176 969 1205 ad
986 1176 1094 1206 docen-

202 1217 286 1248 dum.
316 1219 434 1260 Atque,
452 1226 486 1249 ut
502 1219 594 1249 tauris
610 1220 719 1249 natura
736 1219 841 1249 datum
859 1225 913 1256 est,
930 1226 964 1248 ut
980 1229 1034 1259 pro
1051 1219 1094 1248 vi-

201 1261 273 1291 tulis
286 1268 389 1292 contra
403 1262 503 1292 leones
520 1273 641 1292 summa
654 1263 683 1292 vi
695 1263 872 1303 impetuque
889 1261 1092 1292 contendant·
1083 1284 1092 1297 ,

202 1303 243 1334 sie
258 1304 290 1339 ii,
308 1304 361 1345 qui
378 1305 478 1335 valent
493 1306 613 1345 opibus,
631 1311 721 1346 atque
737 1305 767 1334 id
783 1305 879 1335 facere
891 1310 1028 1345 possunt,
1047 1308 1094 1337 (ut

202 1345 239 1376 de
256 1347 389 1377 Hercule
410 1354 439 1378 et
461 1348 497 1378 de
514 1348 625 1378 Libero
647 1348 830 1397 accepimus)
853 1348 891 1377 ad
912 1347 1094 1377 servandum

200 1399 296 1429 genus
307 1390 468 1420 hominurn
482 1391 590 1421 natura
605 1391 777 1421 incitantur.
802 1391 908 1431 Atque
921 1390 1095 1427 6113111,δο-

201 1442 269 1462 vem
286 1443 355 1463 cum
373 1434 538 1474 Optimum
555 1440 584 1464 et
600 1434 779 1464 Maximum
797 1434 937 1469 dicimus,
962 1443 1094 1473 cumque

201 1475 342 1505 eumdem
360 1477 543 1513 Salutarem,
562 1477 767 1517 Hospitalem,
785 1478 957 1511 Statorem3
974 1476 1031 1506 hoc
1047 1476 1094 1505 in-

200 1518 295 1558 telligi
312 1519 464 1556 volumus,
478 1520 606 1549 salutem
619 1520 779 1550 hominum
793 1519 823 1549 in
837 1520 901 1558 ejus
914 1530 975 1549 esse
988 1519 1093 1548 tutela.

201 1560 336 1591 Minime
357 1568 458 1592 autem
481 1562 629 1599 convenit,
652 1573 721 1593 cum
742 1562 799 1603 ipsi
820 1562 897 1592 inter
916 1572 969 1591 nos
986 1562 1095 1600 abjecti

201 1604 389 1645 neglectique
406 1605 511 1643 simus,
536 1606 699 1645 postulare,
724 1612 757 1635 ut
780 1605 848 1634 Diis
869 1605 1094 1634 immortalibus

201 1646 260 1677 cari
286 1647 391 1685 simus,
416 1654 445 1678 et
470 1650 507 1678 ab
531 1648 578 1678 his
603 1649 776 1688 diligamur.
822 1647 1093 1685 Quemadmodum

200 1689 294 1729 igitur
308 1691 453 1721 membris
468 1692 584 1721 utimur
600 1692 694 1732 priuS,
711 1702 803 1732 quam
818 1691 990 1727 didicimus,
1008 1691 1094 1729 cujus

201 1742 236 1762 ea
251 1733 389 1763 utilitatis
406 1735 495 1764 causa
510 1735 676 1765 habeamus
690 1746 698 1770 ;
717 1735 757 1764 sic
772 1734 849 1764 inter
865 1744 918 1763 nos
931 1733 1038 1763 natura
1055 1732 1093 1762 ad

199 1775 320 1807 civilem
331 1778 582 1809 communitatem
593 1778 658 1818 conj
663 1778 746 1809 uncti
758 1783 787 1809 et
798 1777 957 1808 consociati
969 1786 1091 1807 sumus:
