1180 1935
162 65 224 97 DE
248 65 355 98 NAT.
380 65 516 97 DEOR.
541 61 621 97 Lm.
638 66 685 97 ΙΙ.
709 65 792 98 ΟΛΡ.
808 67 861 98 26.
894 69 954 101 361

75 161 179 182 vacare
194 152 355 183 voluerunt
365 151 400 182 est
414 157 500 192 parte
514 152 656 193 corporis,
669 163 739 194 quae
753 154 963 193 conjunctione

73 193 196 224 alterius
211 201 310 236 egeret
324 195 363 225 ad
377 194 606 235 procreandum.

117 236 226 267 XXV.
250 240 417 268 Saturnum
432 243 535 267 autem
552 248 623 268 eum
642 248 704 268 esse
719 238 890 278 voluerunt,
907 242 961 281 qui

72 290 196 310 cursum
207 287 235 311 et
247 281 468 311 conversionem
482 280 648 321 spatiorum
660 292 694 311 ac
706 287 877 322 temporum
890 293 962 314 con-

73 323 192 361 tinerct,
219 324 273 364 qui
296 323 381 354 Deus
409 324 514 353 Grffce
540 323 571 353 id
597 323 697 364 ipsum
722 334 832 354 nomen
859 325 959 357 habet.

74 370 173 405 Kfovog
197 367 279 396 enim
303 367 432 401 dicitur;
461 366 514 406 qui
537 373 581 396 est
604 366 686 396 idem
713 371 822 406 Χρουος,
850 368 880 397 id
903 376 958 408 est,

72 410 205 450 spatium
230 409 382 450 temporis.
417 410 567 439 Saturnus
588 415 691 439 autem
714 415 758 439 est
777 411 958 450 appellatus,

71 452 154 494 quod
171 458 319 482 saturetur
333 452 439 482 annis:
460 462 498 482 ex
513 462 544 482 se
559 451 640 481 enim
656 457 742 482 natos
757 462 888 483 comesse
903 454 960 484 fin-

70 496 154 536 gitur
169 496 285 532 solitus,
302 495 375 536 quia
395 495 545 525 consumit
566 500 637 525 aetas
656 500 827 535 temporum
850 497 957 536 spatia,

70 538 218 579 annisque
234 538 390 579 praeteritis
405 537 639 568 insaturabiliter
655 538 802 578 expletur.
828 538 958 571 Vinctus

70 587 115 612 est
134 587 235 611 autem
257 592 276 611 a
295 581 385 617 Jove,
408 591 446 611 ne
466 580 679 610 immoderatos
697 590 801 611 cursus
821 581 955 622 haberet,

69 630 161 665 atque
176 630 210 654 ut
225 634 296 654 eum
312 624 444 654 siderum
461 623 566 654 vinclis
581 623 726 663 alligaret.
751 624 811 653 Sed
822 624 885 665 ipse
897 625 919 655 J
922 636 957 656 u-

67 668 155 708 piter,
173 667 204 697 id
219 674 273 704 est,
287 669 405 707 juvans
416 671 518 706 pater,
535 676 639 707 quem,
656 667 803 696 conversis
825 667 953 707 casibus,

67 711 268 751 appellamus,
285 711 467 749 ajuvanclo,
485 711 608 746 Jovem,
630 719 648 738 a
668 709 764 749 poetis
786 709 876 740 Pater
896 710 954 741 Di-

68 756 202 793 vfimque
224 753 446 793 hominumque
468 752 597 787 dicitur;
625 761 643 781 a
664 752 829 791 majoribus
852 760 955 785 autem

66 797 175 826 nostris
195 796 342 836 Optimus
363 795 544 831 Maximus3
572 801 601 825 et
623 794 747 834 quidem
772 801 842 825 ante
864 796 955 837 Opti-

65 849 146 875 mus,
163 839 194 869 id
210 846 264 877 est,
278 838 575 875 beneficentissimus,
589 848 682 878 quam
695 838 867 876 Maximus,
881 840 954 880 quia

65 883 165 921 majus
181 888 235 920 est,
252 888 390 923 certeque
404 881 529 922 gratius,
542 880 681 922 prodesse
692 881 844 917 omnibus,
858 892 952 922 quam

64 936 136 966 opes
151 936 277 966 magnas
292 925 411 955 habere.
444 925 539 955 Hunc
556 924 649 965 igitur
663 924 795 963 Ennius,
812 930 847 954 ut
862 935 954 966 supra

64 969 140 1007 dixi,
157 974 314 1009 nuncupat
329 968 371 998 ita
386 968 498 1005 dicens,

107 1040 130 1057 “
145 1038 280 1080 Adspice
299 1037 357 1068 hoc
379 1037 510 1068 sublime
531 1037 673 1078 candens,
695 1047 788 1080 quem
809 1037 951 1069 invocant

235 1091 339 1112 omnes
354 1081 376 1111 J
379 1091 465 1112 ovem
476 1081 509 1112 :'’

61 1151 243 1194 planiusque
258 1151 317 1182 alio
331 1152 396 1182 loco
412 1151 504 1190 idem,

106 1224 128 1240 ‘⁶
142 1221 213 1259 Cui,
231 1221 313 1262 quod
328 1220 359 1251 in
375 1231 425 1251 me
440 1226 494 1259 est,
512 1222 686 1252 exsecrabor
705 1221 774 1260 hoc,
796 1221 879 1263 quod
899 1222 948 1253 lu-

234 1270 291 1302 cet,
308 1264 459 1305 quidquid
474 1264 552 1294 est.''

62 1335 157 1366 Hunc
172 1334 263 1365 etiam
279 1344 408 1374 augures
422 1333 527 1371 nostri,
544 1343 614 1364 cum
630 1333 745 1371 dicunt,
764 1334 786 1352 “
797 1333 876 1365 Jove
886 1333 948 1365 ful-

61 1384 160 1419 gente,
178 1383 300 1408 tonante
312 1378 344 1407 :''
367 1377 472 1407 dicunt
487 1377 580 1413 enim,
604 1378 626 1394 “
642 1377 715 1407 coelo
734 1376 881 1418 fulgente,
902 1383 948 1408 to-

60 1421 184 1452 nante.''
207 1420 371 1462 Euripides
387 1426 501 1459 autem,
518 1426 553 1450 ut
564 1420 662 1450 multa
673 1420 824 1462 praeclare,
839 1421 879 1451 sic
891 1420 948 1452 hoc

58 1464 187 1495 breviter
198 1475 206 1494 ι

105 1538 128 1553 “
139 1535 234 1565 Vides
250 1534 380 1565 sublime
394 1533 510 1571 fusum,
527 1532 762 1564 immoderatum
779 1533 900 1572 aethera,

102 1578 167 1615 Qui
183 1584 283 1608 tenero
299 1584 409 1608 terram
425 1577 616 1616 circumjectu
635 1576 846 1617 amplectitur:

103 1621 199 1651 Hunc
219 1630 376 1651 summum
395 1620 505 1651 habeto
525 1620 663 1651 Divum:
691 1619 773 1650 hunc
791 1618 947 1660 perhibeto

224 1664 247 1694 J
249 1663 370 1695 ovem.”

99 1737 228 1768 XXVI.
255 1737 322 1767 Αὲι·
345 1742 459 1775 autem,
484 1742 519 1767 ut
545 1735 638 1767 Stoici
661 1734 829 1776 disputant,
854 1734 947 1767 inter.

57 1781 207 1819 (Philas.)
230 1789 314 1811 VOL.
333 1788 390 1810 111.
663 1779 682 1807 2
701 1786 713 1808 1
