1226 1935
341 342 402 383 M.
431 340 626 382 TULLII
662 341 988 393 CICERONIS,

634 452 685 474 DE

232 507 616 579 NATURA
674 529 1088 586 DEORUM,

446 638 518 675 AD
552 637 608 674 M.
634 636 878 680 BRUTUM,

461 731 625 762 LIBER
657 731 871 762 PRIMUS.

596 848 741 878 —4-

267 949 294 979 Ι.
319 949 370 979 CU
377 958 405 979 M
421 949 528 978 multae
542 959 587 979 res
603 948 634 978 in
650 947 841 989 philosophia
857 947 1051 988 nequfiquam
1068 960 1114 978 sa-

223 991 260 1021 tis
283 992 382 1022 adhuc
410 992 566 1033 explicatae
593 992 662 1028 sint,
691 997 758 1021 turn
783 991 977 1031 perdifficilis,
1005 992 1113 1027 Brute,

224 1035 320 1075 (quod
337 1041 369 1065 tu
385 1035 512 1065 minime
528 1035 660 1075 ignoras)
683 1041 712 1064 et
730 1036 910 1074 perobscura
930 1035 1056 1074 (luaestio
1072 1041 1115 1064 est

224 1077 262 1107 de
284 1079 392 1108 natur&
420 1079 577 1108 Deorum:
603 1089 672 1118 quae
696 1083 724 1107 et
748 1077 785 1106 ad
811 1077 996 1117 agnitionem
1020 1078 1115 1108 animi

223 1121 427 1161 pulcherrima
447 1127 501 1157 est,
524 1127 553 1151 et
573 1121 611 1151 ad
632 1120 848 1150 moderandam
871 1121 1047 1160 religionem
1063 1131 1116 1151 ne-

224 1165 358 1194 cessaria.
392 1164 440 1194 De
456 1165 517 1205 qua
533 1170 596 1194 tam
612 1164 702 1194 variae
718 1169 788 1193 sunt
803 1163 1046 1193 doctissimorum
1062 1164 1117 1194 ho-

223 1206 356 1243 minum,
380 1214 503 1248 tamque
527 1207 739 1247 discrepantes,
761 1206 925 1243 sententiae,
949 1213 984 1236 ut
1004 1217 1117 1247 magno

225 1256 405 1290 argumento
422 1261 483 1281 esse
499 1251 617 1287 debeat,
638 1260 771 1286 causam„
793 1249 824 1279 id
843 1255 898 1285 est,
920 1250 1117 1290 principium,

224 1292 435 1334 philosophiae,
461 1304 522 1323 esse
545 1292 779 1334 [inscientiaim]
797 1292 1021 1333 prudenterque
1037 1294 1120 1323 Aca-

225 1336 357 1366 demicos
368 1348 385 1367 a
396 1338 484 1367 rebus
494 1337 613 1367 incertis
625 1336 826 1366 assensionem
839 1336 1015 1366 cohibuisse.
1033 1336 1119 1374 Quid

226 1386 270 1410 est
286 1380 366 1410 enim
384 1381 551 1410 temeritate
567 1380 710 1419 turpius?
735 1386 787 1410 aut
808 1379 882 1420 quid
904 1385 966 1408 tam
991 1385 1120 1409 temera-

227 1421 319 1460 rium,
353 1429 477 1463 tamque
501 1423 663 1463 indignum
689 1423 830 1463 sapientis
857 1422 1003 1462 gravitate
1029 1428 1120 1463 atquc

227 1467 406 1501 constantia,
431 1476 523 1507 quam
544 1472 597 1496 aut
612 1466 724 1496 falsum
744 1466 864 1501 sentire,
881 1472 944 1501 aut,
962 1466 1043 1506 quod
1060 1476 1120 1495 non

228 1510 298 1540 satis
314 1510 468 1549 explorate
488 1515 666 1550 perceptum
687 1509 724 1539 sit
740 1514 769 1539 et
784 1508 951 1549 cognitum,
975 1508 1039 1538 sine
1058 1509 1122 1539 ulla

227 1553 416 1583 dubitatione
432 1552 591 1582 defendere
603 1554 616 1582 ?

272 1596 368 1626 Velut
390 1595 421 1625 in
442 1596 498 1625 hac
520 1595 696 1636 quaestione„
720 1595 858 1636 plerique
875 1594 971 1635 (quod
986 1595 1122 1626 maxime

228 1639 390 1669 verisimile
407 1645 460 1675 est„
478 1645 507 1668 et
523 1649 584 1679 quo
600 1649 715 1675 omnes,
738 1638 814 1668 duce
829 1638 950 1673 natura,
968 1638 1121 1675 vehimur)

230 1682 313 1714 Deos
333 1693 395 1713 esse
410 1682 573 1719 dixerunt;
598 1682 736 1712 dubitare
752 1692 782 1712 sc
800 1681 1000 1722 Protag01·as;
1023 1683 1123 1713 nullos
