1180 1935
215 94 279 123 358
315 93 376 123 DE
402 93 510 123 NAT.
535 93 673 124 DEOR.
697 93 777 123 Lm.
796 92 842 123 ΙΙ.
866 92 950 123 CAP.
968 92 1019 122 22.

212 184 317 209 autem
337 189 483 219 perennes
503 190 608 210 cursus
631 185 724 220 atque
742 179 892 220 perpetui,
915 188 986 208 cum
1007 176 1107 207 admi-

213 222 303 251 rabili
318 222 548 263 incredibilique
563 222 742 258 constantia,
759 222 913 252 declarant
932 221 964 251 in
980 220 1027 250 his
1042 220 1106 250 vim

214 270 244 294 et
260 271 394 295 mentem
410 276 472 296 esse
487 265 643 302 divinam3
668 271 714 303 ut,
733 265 797 295 haec
812 266 877 305 ipsa
893 264 946 305 qui
962 273 1023 293 non
1039 273 1107 293 sen-

214 307 271 337 tiat
291 308 429 338 Deorum
449 308 511 339 vim
530 309 652 347 habere,
674 308 699 338 is
719 308 796 338 nihil
818 307 944 338 omnino
966 316 1110 337 sensurus

215 360 278 381 esse
293 351 439 381 videatur.

260 394 358 424 NuHa
378 395 471 434 igitur
492 395 523 424 in
545 395 618 425 coelo
639 405 694 425 nec
715 394 848 430 fortuna,
872 403 927 423 nec
943 392 1106 429 temeritas,

214 446 269 466 nec
282 437 401 473 erratio,
416 448 469 467 nec
482 438 608 467 varietas
620 438 714 473 inest;
735 443 898 477 contraque
911 436 1009 466 onmis
1022 435 1106 471 ordo,

214 480 334 518 veritas,
352 481 439 518 ratio,
457 481 633 511 constantia.
658 480 799 521 Quaeque
814 480 861 509 his
875 485 991 516 vacant,
1005 488 1108 508 emen-

214 523 271 552 tita
295 529 324 553 et
346 523 432 561 falsa,
456 524 607 564 plenaque
630 524 748 560 erroris,
772 529 845 552 eunt
867 522 979 552 circum
1003 528 1108 558 terras,

214 565 295 595 infra
309 567 428 603 lunam,
451 577 520 607 quae
541 567 680 596 onmium
701 566 811 596 ultima
827 571 890 601 est;
914 565 946 594 in
962 564 1109 604 terrisque

214 615 382 639 versantur.
419 609 595 639 Coelestium
623 620 694 650 ergo
721 608 930 639 admirabilem
957 607 1108 644 ordinem,

214 651 484 693 incredibilemque
505 653 715 701 constantiam,
739 663 776 682 ex
797 651 859 691 qua
881 650 1064 681 conservatio
1080 655 1111 679 et

215 695 297 724 salus
312 695 452 725 omnium
467 696 566 725 omnis
581 695 687 733 oritur,
704 695 758 736 qui
774 704 878 725 vacare
892 699 993 723 mente
1008 698 1108 733 putat,

214 737 240 767 is
255 737 319 778 ipse
334 739 444 768 mentis
460 749 566 787 expers
584 738 742 769 habendus
763 743 816 768 est.
850 737 945 766 Haud
966 746 1036 776 ergo
1058 738 1108 768 (ut

215 781 336 820 opinor)
350 792 497 818 erravero,
511 782 546 818 si,
560 792 578 811 a
589 781 724 830 principe
736 779 952 820 investigandae
962 778 1107 817 veritatis,

214 823 308 863 hujus
324 824 535 865 disputationis
550 825 735 865 principium
751 824 875 853 duxero.

260 867 374 897 XXII.
400 868 484 897 Zeno
507 868 601 908 igitur
620 868 662 898 ita
682 874 824 897 naturam
845 866 961 902 definit,
984 870 1018 894 ut
1039 875 1107 895 eam

216 909 297 940 dicat
312 910 415 950 ignem
431 921 493 941 esse
509 911 704 941 artificiosum
716 911 755 940 ad
767 909 967 950 gignendum,
983 918 1108 948 progre-

214 952 349 983 dientem
371 954 428 983 via.
463 954 573 984 Censet
595 954 676 984 enim
698 953 769 983 artis
790 953 924 982 maxime
946 951 1106 992 proprium

215 1006 289 1033 esse,
307 1007 405 1027 creare
421 1002 450 1026 et
465 997 607 1037 gignere;
629 996 794 1038 quodque'
787 1006 818 1025 m
834 995 975 1036 operibus
990 1000 1106 1024 nostra-

214 1049 284 1069 rum
300 1040 412 1069 artium
428 1050 538 1070 manus
554 1040 672 1077 efficiat,
690 1040 721 1069 id
734 1040 832 1069 multo
848 1037 1036 1068 artificiosius
1051 1047 1107 1066 na-

215 1088 316 1112 turam
339 1082 464 1120 efficere,
486 1083 518 1112 id
542 1089 595 1120 est,
620 1089 654 1112 ut
675 1082 750 1120 dixi,
772 1082 875 1122 ignem
897 1080 1105 1117 artificiosum,

213 1125 395 1165 magistrum
416 1126 529 1156 artium
550 1127 745 1166 reliquarum.
778 1126 885 1166 Atque
906 1124 962 1153 hac
981 1123 1105 1164 quidem

212 1169 330 1198 ratione
344 1169 443 1199 omnis
458 1175 567 1199 natura
582 1169 741 1199 artificiosa
752 1175 806 1205 est,
821 1167 903 1209 quod
915 1167 1007 1196 habet
1019 1166 1106 1207 quasi

212 1211 294 1242 viam
311 1211 477 1252 quamdam
493 1219 522 1242 et
537 1219 660 1249 sectam,
678 1222 771 1252 quam
788 1216 942 1252 sequatur.

256 1255 358 1295 Ipsius
379 1266 448 1285 vero
468 1266 541 1285 mur
536 1256 587 1293 di,
611 1255 664 1296 qui
683 1255 786 1284 onmia
807 1254 968 1294 complexu
985 1263 1040 1283 suo
1055 1263 1105 1283 co-

213 1303 291 1328 ercet
312 1304 341 1328 et
362 1298 504 1335 continet,
526 1304 634 1328 natura
655 1308 715 1328 non
737 1297 896 1328 artificiosa
918 1297 1028 1332 solum,
1052 1295 1105 1326 sed

211 1341 302 1381 plane
322 1341 442 1377 artifex,
464 1343 502 1371 a.)
524 1342 629 1372 eodem
650 1342 772 1371 Zenone
794 1341 914 1377 dicitur,
937 1339 1104 1370 consultrix

211 1390 242 1414 et
267 1384 392 1424 provida
415 1385 583 1415 utilitatum
607 1384 931 1425 opportunitatumque
953 1383 1104 1412 omnium.

210 1427 328 1475 Atque,
357 1433 391 1457 ut
417 1434 530 1458 caeterae
552 1433 668 1458 naturae
695 1428 756 1458 suis
783 1427 948 1457 seminibus
974 1435 1105 1466 quaeque

209 1470 390 1510 gignuntul,
402 1477 577 1510 augescunt,
592 1477 681 1501 conti
674 1477 784 1500 ientu
792 1481 801 1505 ;
819 1468 1103 1500 sicnaturamundi

210 1523 315 1543 omnes
331 1519 431 1543 motus
453 1514 544 1544 habet
559 1514 754 1550 voluntarios,
778 1520 975 1553 conatusque,
999 1518 1027 1542 et
1049 1522 1104 1552 ap-

209 1555 380 1596 petitiones,
402 1567 478 1596 quas
498 1558 611 1596 Ὀρμςις
633 1557 731 1587 Graeci
753 1562 880 1591 vocant;
909 1561 938 1585 et
960 1555 1006 1585 his
1030 1564 1102 1584 con-

209 1606 366 1630 sentaneas
388 1600 517 1630 actiones
540 1600 581 1630 sic
602 1600 736 1637 adhibet,
759 1605 793 1630 ut
814 1605 932 1629 nosmet
954 1598 1022 1638 ipsi,
1047 1597 1101 1638 qui

208 1642 319 1673 animis
345 1653 513 1681 movemur,
542 1650 571 1673 et
597 1644 742 1673 sensibus.
782 1642 867 1672 Talis
894 1642 987 1682 igitur
1013 1651 1101 1671 mens

208 1685 317 1715 mundi
340 1696 410 1716 cum
434 1686 482 1723 sit,
508 1688 546 1716 ob
572 1697 701 1727 eamque
723 1696 845 1717 causam
867 1686 914 1715 vel
936 1683 1101 1724 prudentia

208 1729 254 1759 vel
274 1729 462 1769 providentia
481 1730 627 1770 appellari
648 1736 726 1760 recte
747 1730 851 1771 possit,
875 1728 995 1762 (Graece
1016 1727 1100 1757 enim

209 1776 323 1813 Hpovoaoe
343 1772 465 1812 dicitur)
487 1773 552 1804 haec
573 1773 767 1814 potissmium
789 1771 938 1815 providet,
960 1776 990 1801 et
1005 1770 1037 1802 in
1052 1769 1103 1800 his
