1226 1935
239 80 361 114 TUSC-
378 80 552 120 QUAEST.
569 81 649 112 Lm.
666 81 712 112 11.
730 82 814 114 CAP.
834 85 882 114 15.
945 84 1004 121 167

118 173 202 209 potes
227 167 324 199 dicere
353 173 406 198 aut
430 167 647 198 Prometheum
671 175 724 199 aut
747 169 947 201 Philoctetam
967 170 1006 200 il-

115 212 181 241 lum
194 213 208 242 ?
231 221 250 241 a
264 217 293 241 te
308 211 389 241 enim
404 212 486 242 malo
503 211 662 242 discedere.
698 212 757 242 Sed
775 213 826 243 ille
847 220 925 244 certe
942 223 1003 244 11011

113 254 210 291 fortis,
221 254 274 295 qui
286 255 365 294 jacet

161 336 410 345 ..................
424 314 447 331 “
462 313 493 343 in
511 312 620 355 [lecto]
637 314 776 351 humido,

155 356 249 394 Quod
265 357 391 396 ejulatu,
411 363 532 397 quesm,
548 357 676 397 gemitu,
692 357 873 394 fremitibus,

155 399 350 437 Resonando,
365 406 501 438 mutum,
517 400 631 430 flebiles
646 411 731 431 voces
747 402 871 431 refert.”

155 471 228 501 Non
250 481 305 511 ego
327 470 461 501 dolorem
482 470 616 501 dolorem
643 482 705 501 esse
724 481 822 512 nego:
848 483 901 502 cur
919 474 1001 504 enim

112 513 256 544 fortitudo
270 513 512 544 desideraretur?
545 514 605 544 Sed
626 524 697 544 eum
718 515 849 563 opprimi
865 516 894 545 di
898 527 931 546 co
946 529 1002 558 pa-

111 557 227 595 tientia⁷
249 556 273 587 si
293 556 384 586 modo
408 562 451 587 est
477 556 579 597 aliqua
601 557 753 598 patientia.
786 559 819 588 Si
839 559 924 589 nulla
944 567 1000 597 est,

112 599 186 642 quid
201 609 383 630 exornamus
397 599 648 640 philosophiam?
672 607 725 630 aut
740 601 813 642 quid
824 602 888 641 ejus
900 604 999 633 nomi-

110 654 148 674 ne
163 642 284 684 gloriosi
299 653 404 673 sumus
416 645 430 673 Ρ
454 643 570 683 Pungit
585 643 679 674 dolor.
718 644 778 674 Vel
794 644 898 683 fodiat,
916 656 996 676 sane.

110 687 143 717 Si
158 685 259 716 nudus
275 696 316 723 es,
333 685 372 716 da
384 686 529 726 jugulum
544 697 552 715 ε
588 686 633 716 sin
657 692 752 717 tectus
768 687 927 718 Vulcaniis
950 700 999 719 ar-

108 729 177 766 mis,
194 729 225 759 id
241 735 294 766 est,
311 728 498 765 fortitudine,
515 729 624 759 resiste.
650 730 726 760 Ilaec
741 730 822 760 enim
838 737 878 767 te,
891 732 948 762 nisi
958 733 1001 762 ita

108 772 209 809 facies,
226 778 324 802 custos
340 771 506 812 dignitatis,
522 772 672 813 relinquet
687 780 716 803 et
731 773 854 804 deseret.

152 815 279 846 Cretum
291 814 415 855 quidem
426 815 506 855 leges
519 818 608 855 (quas
623 816 684 846 sive
700 816 834 857 Jupiter,
857 818 918 848 sive
934 818 1000 848 Mi-

107 869 162 890 nos
177 858 288 895 sanxit,
305 857 342 888 de
356 857 444 888 Jovis
459 858 583 898 quidem
599 859 758 897 sententiis,
781 866 816 890 ut
836 864 933 900 poe'e'tae
955 861 1000 892 fe-

107 906 204 939 runt),
220 901 354 941 itemque
370 900 516 941 Lycurgi,
532 901 686 932 laboribus
701 902 844 933 erudiunt
853 905 1000 943 juventu-

108 951 182 982 tem,
195 944 344 981 venando,
357 945 515 981 currendo,
526 945 694 981 esuriendo,
706 945 844 982 sitiendo,
856 947 997 987 algendo,

106 987 270 1018 aestuando.
303 987 419 1027 Spartae
435 997 504 1017 vero
519 988 605 1028 pueri
620 987 658 1017 ad
673 998 756 1018 aram
773 989 813 1018 sic
826 991 999 1020 verberibus

107 1031 306 1072 accipiuntur,
331 1036 366 1060 ut
386 1030 504 1060 multus
524 1041 540 1061 e
560 1031 722 1061 visceribus
744 1033 866 1072 sanguis
886 1040 996 1068 exeat;

106 1083 328 1115 nonnunquam
349 1073 440 1103 etiam
460 1076 518 1111 (ut,
535 1084 606 1104 cum
629 1074 672 1104 ibi
694 1085 800 1113 essem,
820 1076 996 1113 audiebam)

105 1117 145 1148 ad
160 1127 283 1148 necem:
309 1126 439 1157 quorum
455 1126 516 1146 non
531 1117 622 1147 modo
637 1127 727 1147 nemo
743 1119 923 1149 exclamavit
937 1130 995 1149 un-

105 1171 211 1202 quam,
228 1159 280 1191 sed
302 1169 340 1189 ne
354 1159 504 1200 ingemuit
519 1160 653 1201 quidem.
687 1160 773 1198 Quid
791 1172 861 1202 ergo
875 1164 889 1192 9
925 1163 996 1193 Hoc

103 1204 191 1246 pueri
206 1208 342 1244 possunt,
359 1202 415 1232 visi
430 1212 491 1233 non
510 1205 678 1244 poterunt?
702 1210 732 1234 et
751 1214 817 1235 mos
835 1205 926 1244 valet,
947 1217 996 1236 rav

100 1247 144 1278 tio
159 1257 220 1276 non
236 1246 347 1277 valebit
358 1247 372 1276 Ρ

146 1290 222 1320 XV.
247 1289 376 1319 Interest
395 1288 512 1330 aliquid
534 1289 613 1320 inter
634 1290 768 1320 laborem
795 1296 824 1321 et
846 1290 992 1322 dolorem.

102 1333 182 1364 Sunt
206 1332 336 1362 finitima
360 1332 504 1368 omnium
535 1333 587 1363 sed
613 1339 714 1363 tamen
741 1334 840 1364 differt
866 1335 992 1375 aliquid.

104 1376 207 1406 Labor
230 1381 274 1405 est
295 1375 411 1405 functio
429 1375 581 1416 quaedam,
598 1377 646 1406 vel
663 1376 759 1406 animi
782 1377 830 1407 vel
851 1378 994 1418 corporis,

103 1419 247 1460 gravioris
261 1418 359 1459 operis
374 1424 403 1448 et
417 1418 570 1449 muneris·
562 1442 571 1455 ,
596 1419 681 1449 dolor
695 1426 809 1456 autem,
827 1427 928 1451 motus
946 1432 993 1451 as—

102 1473 156 1503 per
170 1462 202 1492 in
217 1472 349 1502 corpore,
367 1462 482 1492 alienus
497 1472 515 1491 a
529 1463 675 1492 sensibus.
714 1463 791 1493 Haec
812 1463 873 1493 duo
895 1464 994 1494 Graci

102 1506 159 1543 illi,
182 1514 313 1546 quorum
333 1504 444 1545 copiosi
435 1516 478 1535 or
493 1510 537 1535 est
556 1505 662 1545 lingua
681 1516 775 1546 quam
796 1513 908 1543 nostra,
931 1517 993 1537 uno

101 1548 224 1579 nomine
235 1548 389 1588 appellant
403 1546 468 1586 [ποι
472 1560 507 1577 ω.
513 1549 526 1589 ]
550 1549 660 1589 Itaque
672 1549 834 1579 industrios
843 1549 993 1588 homines,

101 1592 158 1630 illiq
169 1591 328 1626 studiosos,
350 1591 397 1621 vel
412 1591 512 1631 potius
527 1598 674 1629 amantes,
695 1592 805 1622 doloris
826 1593 993 1633 appellant,

101 1645 167 1672 nos,
181 1634 380 1671 commodius,
391 1634 562 1665 laboriosos.
579 1635 679 1664 Aliud
691 1641 735 1665 est
747 1636 828 1665 enim
844 1636 991 1672 laborare,

101 1677 185 1709 aliud
205 1677 314 1707 dolere.
349 1676 379 1707 O
402 1679 562 1707 verborum
586 1678 673 1718 inops
697 1678 862 1714 interdum,
879 1679 993 1719 quibus

101 1720 257 1752 abundare
272 1726 301 1750 te
317 1729 435 1760 semper
449 1726 549 1760 putas,
564 1720 702 1751 Graecia!
726 1721 837 1757 Aliud,
851 1722 991 1762 inquam,

83 1771 144 1796 ‘est
162 1763 275 1803 dolere,
297 1762 381 1794 aliud
400 1763 545 1794 laborare.
576 1763 657 1796 cum
680 1765 792 1796 varices
813 1766 993 1796 secabantur
