1226 1935
264 94 388 126 TUsc.
405 94 578 133 QUAEs'r.
606 94 684 125 Lm.
701 94 742 125 V.
759 94 842 124 CAP.
861 94 912 124 40.
973 93 1032 125 291

149 189 209 210 nou
225 180 348 218 videret,
366 191 420 210 nos
440 186 474 211 ut
490 179 671 219 videremus,
687 179 817 211 effecerit
828 182 842 210 ἶ)
866 179 952 216 Quid
968 189 1039 219 crgo

147 229 200 253 aut
222 223 358 253 Homero
373 224 411 253 ad
427 223 655 254 delectationem
677 223 771 253 animi
787 234 821 253 ac
836 223 1036 263 voluptatem,

147 271 200 296 aut
215 266 358 307 cuiquam
374 266 472 303 docto,
495 266 624 296 defuisse
640 276 778 307 unquam
794 266 976 295 arbitramur
988 266 1002 295 ?

189 309 255 346 An,
280 309 310 338 ni
334 309 376 340 ita
400 320 430 339 se
454 320 500 340 res
520 309 655 347 haberet,
679 310 892 349 Anaxagoras,
917 314 969 338 aut
990 307 1039 338 hic

148 350 212 391 ipse
233 352 436 390 Democritus,
461 363 548 393 agros
568 358 597 382 et
621 352 803 393 patrimonia
824 361 878 381 sua
902 351 1040 392 reliquis-

149 400 235 431 sent;
259 394 331 426 huic
345 395 477 425 discendi
493 396 708 436 quaerendique
723 395 834 425 divium
849 393 1040 424 delectationi

148 442 211 467 toto
226 448 257 468 se
272 438 375 468 animo
387 438 562 469 dedissent?
587 438 697 479 Itaque
712 448 859 478 augurem
876 436 1039 472 Tiresiam,

148 490 242 520 quem
257 481 423 522 sapientem
439 481 559 522 fingunt
578 485 688 522 potitae,
709 491 869 522 nunquam
891 480 1042 510 inducunt

149 523 357 563 deplorantem
372 525 536 555 caecitatem
552 534 658 555 suam:
684 530 715 554 at
730 534 799 554 vero
813 523 1040 564 Polyphemum

150 565 318 606 Homerus,
339 577 409 598 cum
434 568 600 597 immanem
621 567 782 608 ferumque
800 567 947 603 finxisset,
972 574 1042 595 cum

150 609 242 639 ariete
257 610 348 640 etiam
364 611 587 651 colloquentem
603 610 685 647 facit,
703 611 828 650 ejusque
843 609 967 639 laudare
982 608 1043 637 for-

151 656 251 690 tunas,
268 653 361 694 quod,
383 652 444 694 quai
463 654 564 691 vellet,
581 653 698 694 ingredi
713 658 823 693 posset,
840 658 880 689 et,
897 662 966 692 quae
982 651 1044 680 vel-

149 694 201 731 let,
219 696 374 736 attingere.
401 697 494 726 Recte
517 697 566 726 hic
591 696 735 737 quidem:
761 696 857 725 nihilo
878 695 960 725 enim
980 697 1044 724 erat

150 737 214 778 ipse
235 740 378 779 Cyclops,
402 750 495 779 quam
513 739 588 769 aries
604 739 667 775 ille,
684 738 870 779 prudentior.

194 781 267 810 XL.
292 783 331 812 In
352 782 498 812 surditate
521 792 592 812 vero
611 782 759 822 quidnam
780 787 825 811 est
844 781 944 810 mali?
968 779 1046 809 Erat

151 824 302 854 surdaster
329 825 377 854 M.
401 825 545 855 Crassus:
579 825 631 855 sed
657 824 741 854 aliud
767 824 935 861 molestius,
963 822 1046 863 quod

151 867 232 897 male
247 867 400 905 audiebat,
424 868 515 898 etiam
531 868 555 898 si
571 870 619 902 (ut
634 867 711 897 mihi
727 867 898 903 videbatur)
920 865 1044 905 injuria.

153 909 330 952 [Epicurei]
357 911 450 941 nostri
476 911 580 941 Graece
602 910 665 940 fere
688 910 837 947 nesciunt„
865 919 921 939 nec
946 908 1046 938 (J'rraeci

154 954 273 983 Latine.
306 954 391 995 Ergo
410 954 443 984 hi
464 954 496 983 in
516 954 652 992 illorum,
675 959 704 983 et
723 953 795 982 iffi·
788 963 820 982 m
840 952 962 989 horum,
985 961 1047 981 ser-

152 1006 243 1026 mone
265 997 366 1027 surdi:
391 1007 556 1038 omnesque
573 996 636 1038 [id]
653 1006 708 1026 1105
728 996 760 1025 111
780 996 816 1026 115
836 995 949 1036 linguis
971 1005 1048 1040 quas

153 1049 214 1069 11011
229 1039 440 1080 intelligimus,
458 1051 527 1081 quae
539 1046 610 1070 sunt
621 1039 869 1075 innumerabiles,
883 1037 966 1069 5111(11
977 1048 1048 1078 pro-

154 1082 232 1112 fecto
248 1094 362 1114 sumus
395 1084 441 1114 At
456 1094 560 1114 vocem
581 1082 736 1113 citharoedi
758 1092 818 1112 non
835 1081 985 1112 audiunt·
1010 1090 1049 1110 ne

155 1125 313 1157 stridorem
325 1127 450 1167 quidem
463 1137 550 1158 serrae
561 1132 641 1163 tum,
652 1136 723 1156 cum
735 1125 872 1156 acuitur:
891 1130 944 1154 aut
955 1133 1045 1164 grun-

155 1169 268 1207 nitum,
292 1180 362 1200 cum
381 1171 541 1211 jugulatur
562 1180 632 1205 sus3
658 1179 723 1207 nec,
743 1179 815 1199 cum
831 1168 982 1209 quiescere
997 1177 1050 1196 vo-

157 1212 236 1250 lunt,
261 1213 418 1243 fremitum
442 1212 663 1243 murmurantis
686 1212 788 1242 maris.
821 1211 875 1247 Et,
898 1210 923 1240 si
943 1215 1050 1241 cantus

157 1266 207 1285 eos
231 1256 307 1286 forte
329 1256 488 1295 delectant,
513 1256 649 1297 primum
670 1255 800 1296 cogitare
814 1254 943 1303 debent,
967 1258 1051 1283 ante-

158 1309 253 1339 quam
268 1299 300 1329 hi
316 1299 375 1330 sint
390 1300 516 1337 inventi,
533 1300 647 1329 multos
662 1300 748 1329 beate
760 1298 869 1328 vixisse
881 1296 1049 1337 sapientes:

159 1342 267 1372 deinde
290 1343 389 1372 multo
413 1343 561 1382 majorem
584 1342 698 1383 percipi
724 1351 810 1382 posse
833 1339 968 1381 legendis
992 1339 1051 1375 his,

160 1396 254 1426 quam
275 1385 444 1423 audiendis,
467 1386 665 1426 voluptatem.
705 1385 803 1422 Ἰ11111,
825 1389 861 1413 ut
875 1383 967 1424 paulo
983 1388 1053 1412 ante

162 1438 253 1458 caecos
268 1429 307 1458 ad
322 1429 443 1459 aurium
463 1429 696 1459 traducebamus
711 1428 910 1476 voluptatem,
928 1426 969 1455 sic
983 1425 1054 1455 licet

163 1482 184 1501 s
181 1471 268 1501 11ᾱο5
284 1472 323 1502 ad
338 1472 506 1502 oculorum.
529 1471 667 1510 Etenim,
684 1471 737 1511 qui
753 1480 855 1501 secum
869 1469 955 1510 loqui
969 1474 1054 1509 pote-

163 1514 214 1552 rit,
230 1525 398 1545 sermonem
414 1515 537 1545 alterius
552 1525 613 1545 non
628 1514 769 1555 requiret.

206 1557 364 1598 Congerar.
367 1565 417 1588 tur
436 1559 468 1588 in
492 1569 591 1588 unum
611 1557 726 1595 omnia,
751 1562 785 1587 ut
805 1556 886 1585 idern
908 1554 1002 1585 oculis
1025 1560 1055 1584 et

164 1600 287 1631 auribus
302 1607 407 1642 eaptus
427 1602 484 1631 sit:
508 1607 666 1650 prematur
687 1600 778 1630 etiam
799 1598 954 1629 doloribus
975 1607 1056 1627 acer-

164 1643 250 1673 rimis
270 1645 421 1685 corporis;
446 1644 500 1685 qui
514 1644 651 1685 primum
671 1653 726 1684 per
747 1653 778 1674 se
798 1642 856 1682 ipsi
875 1641 1057 1682 plerumque

165 1686 330 1717 conficiunt
353 1687 530 1718 hominem:
555 1688 600 1718 sin
626 1687 715 1723 forte,
739 1684 963 1726 longinquitate
987 1693 1056 1724 pro-

166 1729 261 1768 ducti,
285 1729 494 1761 vehementius
514 1736 616 1760 tamen
638 1735 790 1770 torquent,
808 1737 903 1769 quam
918 1733 953 1757 ut
967 1736 1058 1757 causa

169 1772 221 1811 sit,
246 1783 299 1804 cur
314 1773 470 1804 ferantur·
461 1796 471 1811 ,
495 1772 571 1814 quid
586 1778 629 1804 est
645 1772 780 1810 tandem,
794 1771 848 1801 Dii
862 1770 954 1801 boni!
980 1769 1063 1810 quod
