1226 1935
288 75 350 107 DE
374 75 676 115 FINIBUS,L11³.
693 73 759 105 111.
784 74 868 105 CAP.
884 73 915 103 2.
1028 73 1050 103 3

157 168 352 194 novaverunt.
377 162 460 192 Zeno
475 171 608 202 quoque,
625 171 730 191 eorum
745 159 895 201 princeps,
912 168 973 189 non
987 162 1051 189 tam

157 216 259 236 rerum
271 206 408 236 inventor
419 204 488 242 fuit,
500 215 594 245 quam
606 214 753 233 novorum
767 204 936 233 verborum.
958 201 1053 239 Quod

158 249 183 279 si
209 249 240 278 in
265 249 300 278 eit
323 248 440 288 lingua,
464 258 559 288 quam
581 247 717 288 plerique
739 246 908 275 uberiorem
931 252 1051 285 putant,

159 301 331 322 concessum
352 301 370 320 a
391 291 509 320 Graeciit
529 297 584 327 est,
606 296 640 319 ut
660 289 823 319 doctissimi
843 288 992 324 homines,
1015 287 1053 317 de

158 335 248 364 rebus
272 343 332 363 non
356 333 551 374 pervulgatis,
578 332 728 362 inusitatis
755 331 851 362 verbis
875 336 1052 365 uterentur;

159 383 274 417 quanto
289 376 319 406 id
336 376 421 406 nobis
437 375 534 416 magis
550 382 593 405 est
609 374 844 410 concedendum,
859 373 912 414 qui
927 383 961 403 ea
973 382 1056 402 nunc

159 419 294 460 primum
311 419 458 449 audemus
473 419 644 459 attingere?
668 417 736 448 Etsi
754 416 868 457 [quod]
886 426 964 457 saepe
975 415 1055 445 dixi-

159 473 240 499 mus,
257 468 286 492 et
302 462 425 502 quidem
442 472 511 492 cum
528 461 631 502 aliqua
646 461 779 501 querela,
800 469 860 490 non
877 459 1055 489 Graecorum

159 505 262 542 mod0,
284 505 336 535 sed
356 505 447 535 etiam
467 514 571 534 eorum
592 504 646 545 qui
666 514 697 533 se
713 505 833 533 Graecos
848 502 947 542 magis
962 511 1056 542 quam

160 554 275 578 nostros
297 548 402 578 haberi
425 547 541 596 volunt,
570 557 623 577 nos
648 556 708 576 non
733 545 824 576 modo
850 555 910 575 non
937 544 1016 575 vinci
1038 554 1057 573 a

162 591 275 621 Graecis
296 592 456 620 verborum
476 590 607 631 copia,s
594 589 645 620 sed
666 599 727 620 esse
745 589 777 618 in
798 599 834 618 ea
854 588 945 618 etiam
968 597 1057 627 supe-

160 634 270 670 riores;
291 633 507 663 elaborandum
523 639 577 669 est,
594 640 629 663 ut
643 632 700 662 hoc
715 642 776 662 non
791 631 822 661 in
838 631 946 661 nostris
958 631 1057 661 solum

161 677 288 713 artibus,
305 676 356 706 sed
372 677 462 706 etiam
478 676 510 706 in
525 676 648 706 illorum
670 675 805 716 ipsorum
825 683 1056 714 consequamur.

165 719 398 760 [Quamquam]
417 730 452 749 ea
463 720 564 755 verba,
582 718 704 760 quibus,
717 728 754 748 ex
764 717 901 748 institam
911 723 1058 753 veterum,

163 763 280 792 utimur
294 773 348 802 pro
361 762 490 798 Latinis,
509 768 541 791 ut
552 762 617 802 ipsa
623 761 829 801 philosophia,
840 767 875 790 ut
894 760 1057 796 rhetorica,

163 807 334 841 dialectica,
348 806 569 844 grammatica,
584 805 766 843 geometria,
784 804 924 833 mus-ica·
913 825 922 838 ,
949 812 1058 843 quam-

165 859 259 889 quam
276 848 385 878 Latine
401 858 436 877 ea
450 847 508 877 dici
527 853 676 887 poterant,
699 853 812 883 tamen,
835 846 981 887 quoniam
1001 855 1059 875 usu

164 898 284 932 recepta
299 897 380 928 sunt,
397 896 499 920 nostra
510 890 667 921 ducamus.
690 890 798 931 Atque
809 889 873 919 haec
885 888 1011 930 quidem
1022 888 1060 918 de

168 944 270 964 rerum
287 933 471 963 nominibus.

210 977 280 1007 De'
273 977 344 1017 ipsis
359 978 448 1006 rebus
463 982 578 1013 autem,
595 985 811 1016 saepenumero,
823 975 931 1011 Brute,
948 984 1062 1022 vereor,

166 1030 206 1050 ne
221 1019 432 1060 reprehendar,
450 1029 520 1049 cum
536 1019 600 1049 haec
615 1019 653 1048 ad
665 1025 694 1048 te
706 1018 845 1055 scribam,
862 1017 927 1058 qui,
944 1027 1014 1047 cum
1030 1017 1062 1046 in

166 1062 369 1104 philosophia,
387 1069 454 1092 tum
469 1062 501 1091 in
516 1062 632 1102 optimo
646 1071 754 1102 genere
770 1060 980 1102 philosophiae,
997 1067 1065 1090 tan-

168 1112 235 1136 tum
251 1105 434 1146 processeris.
459 1105 553 1142 Quod
568 1105 593 1135 si
608 1105 748 1142 facerem,
766 1104 853 1145 quasi
869 1110 898 1134 te
913 1103 1063 1141 erudiens,

166 1150 236 1188 jure
263 1148 514 1189 reprehenderer:
545 1148 597 1178 sed
619 1149 658 1178 ab
681 1158 716 1178 eo
740 1147 910 1188 plurimum
933 1148 1062 1176 absum:

168 1201 278 1232 neque,
295 1199 330 1221 ut
345 1202 379 1221 ea
394 1201 565 1232 cognoscas,
583 1201 652 1231 quae
667 1190 723 1220 tibi
744 1190 901 1220 notissima
921 1195 1003 1226 sunt,
1026 1188 1066 1218 ad

169 1241 199 1265 te
214 1235 313 1271 mitto,
331 1234 383 1264 sed
398 1234 470 1275 quia
485 1234 629 1264 facillime
643 1234 675 1263 in
691 1233 814 1263 nomine
826 1240 878 1263 tuo
890 1232 1064 1273 acquiesco·
1054 1254 1064 1267 ,

170 1284 200 1308 et
216 1277 288 1318 quia
303 1283 332 1307 te
347 1277 444 1307 habeo
460 1277 669 1318 aequissimum
685 1286 789 1306 eorum
802 1276 984 1313 studiorum,
997 1285 1067 1316 quae

170 1320 247 1351 mihi
263 1320 438 1350 communia
457 1326 559 1350 tecum
580 1326 662 1357 sunt,
682 1319 919 1349 existimatorem
935 1325 965 1349 et
983 1317 1067 1357 judi-

171 1373 246 1394 cem.
279 1363 430 1393 Attendes
445 1363 549 1403 igitur,
566 1369 602 1392 ut
622 1362 709 1399 soles,
731 1361 912 1402 diligenter;
937 1371 1067 1401 eamque

171 1406 405 1437 controversiam
421 1406 612 1445 dijudicabis,
629 1416 698 1446 quae
718 1405 795 1435 mihi
809 1404 869 1435 fuit
885 1415 956 1435 cum
971 1413 1069 1435 avun-

173 1450 243 1480 culo
260 1456 323 1487 tuo,
341 1449 443 1479 divino
458 1459 492 1479 ac
508 1449 654 1489 singulari
669 1448 743 1478 viro.

218 1493 313 1529 Nam,
335 1492 367 1522 in
388 1492 565 1522 Tusculano
581 1502 651 1522 cum
672 1501 779 1528 essem,
796 1491 967 1532 vellemque
985 1500 1002 1520 e
1024 1489 1071 1520 bi-

173 1535 324 1566 bliotheca
339 1535 426 1576 pueri
442 1535 568 1565 Luculli
583 1534 767 1575 quibusdam
783 1533 867 1564 libris
877 1534 933 1571 uti,
956 1533 1024 1564 veni
1039 1533 1071 1562 in

175 1579 240 1617 ejus
256 1578 372 1615 villam,
390 1584 424 1608 ut
440 1588 489 1608 eos
504 1578 568 1618 ipse
584 1582 632 1611 (ut
643 1577 790 1614 solebam)
807 1576 877 1607 inde
888 1586 1069 1618 promerem.

176 1622 249 1660 Quo
275 1631 346 1651 cum
372 1621 531 1657 venissem,
560 1621 608 1650 M.
634 1621 794 1658 Catonem,
822 1631 915 1660 quem
942 1620 984 1651 ibi
1010 1629 1072 1649 esse

177 1664 352 1702 nescieram,
369 1663 432 1694 vidi
451 1664 483 1694 in
503 1664 686 1694 bibliotheca
707 1663 872 1701 sedentem,
893 1663 1000 1693 multis
1015 1662 1072 1692 cir-

177 1707 355 1738 cumfusum
370 1707 543 1737 Stoicorum
557 1706 651 1737 libris.
685 1706 762 1736 Erat
780 1706 861 1736 enim
883 1710 932 1740 (ut
952 1705 1021 1742 scis)
1041 1704 1074 1734 in

179 1760 215 1782 eo
229 1749 411 1782 inexhausta
431 1749 557 1781 aviditas
576 1749 718 1791 legendi;
742 1759 797 1781 nec
817 1749 918 1780 satiari
937 1754 1076 1790 poteram
