1226 1935
177 88 195 116 4
312 84 374 116 DE
398 85 595 123 FINIBUS,
619 84 699 115 LIB.
717 84 781 115 III.
807 84 890 116 CAP.
906 85 937 116 3.

176 172 290 213 quippe
302 172 366 212 qui,
383 182 421 202 ne
431 171 693 212 reprehensionem
709 170 832 211 quidem
845 170 929 210 vulgi
944 170 1066 200 inanem

176 215 384 251 reformidans,
406 215 437 244 in
459 215 524 255 ipsa
544 214 627 244 curia
647 214 753 244 soleret
771 214 869 253 legere
885 224 974 253 saepe,
992 213 1066 242 dum

176 264 296 288 senatus
312 264 477 298 cogeretur,
495 257 570 287 nihi]
586 267 684 297 operae
699 256 871 297 1eipublicae
886 255 1066 291 detrahens3

176 311 238 341 quo
253 301 350 341 magis
371 307 449 336 tum,
466 300 497 329 in
517 310 637 330 summo
657 299 729 335 otio,
751 299 949 339 maximZique
969 298 1066 338 copia,

177 344 263 384 quasi
279 344 408 373 helluari
428 343 512 373 libris
536 343 574 376 (si
597 342 654 372 hoc
678 343 768 372 verbo
791 342 822 371 in
845 348 907 371 tam
933 342 1014 371 clara
1036 351 1067 371 re

177 387 326 416 utendum
343 392 399 423 est)
415 386 582 416 videbatur.

221 429 314 466 Quod
330 439 400 459 cum
417 429 578 465 accidisset,
605 434 641 458 ut
656 428 730 457 alter
746 427 874 457 alterum
890 427 1068 467 necopinato

178 472 358 509 videremus,
376 472 505 502 surrexit
525 471 636 502 statim.
664 470 783 500 Deinde
803 470 902 510 prima
919 470 982 506 illa,
1000 480 1068 509 quae

177 515 209 545 in
225 519 383 555 congressu
400 515 547 544 solemus:
573 513 658 551 Quid
674 519 719 550 tu,
736 513 846 553 inquit,
863 512 945 542 huc?
966 523 983 542 a
995 513 1069 542 villa

179 558 271 595 enim,
296 558 401 588 credo:
430 563 470 595 et,
495 557 519 587 si
541 557 583 587 ibi
606 563 634 586 te
657 566 719 586 esse
742 557 873 590 scissem,
898 555 935 584 ad
957 561 985 585 te
1005 555 1068 595 ipse

178 601 334 631 venissem.
363 600 450 637 Heri,
473 600 610 640 inquam,
632 599 712 628 ludis
733 598 909 633 commissis,
930 609 966 627 ex
984 599 1069 627 Urbe

178 644 339 684 profectus,
357 643 425 673 veni
440 643 478 672 ad
499 652 666 683 vesperum.
696 641 795 671 Causa
814 646 915 670 autem
936 641 994 670 fuit
1009 640 1070 670 huc

178 686 328 722 veniendi,
345 692 379 716 ut
394 685 541 726 quosdam
556 685 627 715 hinc
641 685 734 714 libros
748 693 933 724 promerem:
957 690 986 713 et
1001 684 1069 724 qui-

178 729 259 767 dem,
277 730 364 765 (lato,
381 734 475 758 totam
497 728 574 758 hanc
594 727 711 768 copiam
729 727 793 765 jam
816 726 947 756 Lucullo
969 732 1070 755 nostro

180 778 283 802 notam
309 782 370 802 esse
394 771 563 812 oportebit:
597 780 669 800 nam
695 769 741 799 his
767 769 850 799 libris
877 779 946 798 eum
974 769 1067 806 malo,

180 826 273 855 quam
289 815 405 855 reliquo
420 820 527 844 ornatu
543 813 633 851 villae,
650 812 798 842 delectari.
822 812 879 842 Est
895 812 975 841 enim
992 811 1069 841 mihi

179 868 299 898 magnae
328 868 427 888 curae:
463 867 651 897 quamquam
678 855 734 885 hoc
761 855 884 895 quidem
910 854 1068 895 proprium

179 907 269 931 tuum
285 911 398 930 munus
414 905 467 937 cst,
485 906 519 929 ut
534 900 576 928 ita
591 898 755 935 erudiatur,
772 904 845 927 utet
858 897 947 937 patri,
961 904 990 926 et
1002 898 1070 927 0ae-

179 944 262 984 pioni
278 950 389 980 nostro,
407 949 435 972 et
451 943 506 972 tibi
522 948 583 971 tam
599 941 780 982 propinquo,
797 940 981 980 respondeat.
1008 940 1069 969 La-

180 988 252 1016 boro
268 993 369 1016 autem
385 996 444 1015 non
461 985 523 1015 sine
535 985 640 1014 causa:
661 994 731 1013 nam
746 989 774 1013 et
786 984 833 1013 avi
846 984 909 1021 ejus
922 983 1070 1012 memoria

179 1040 301 1059 moveor
314 1033 381 1062 (nec
394 1028 473 1058 enim
486 1028 616 1068 ignoras,
630 1027 735 1068 quanti
748 1027 866 1056 fecerim
881 1026 1067 1066 Caepiouem,

180 1073 245 1112 qui,
262 1078 296 1101 ut
311 1071 412 1112 opinio
428 1081 496 1100 mea
511 1070 578 1106 fert,
596 1070 626 1099 in
647 1069 833 1110 principibus
852 1070 915 1107 jam
938 1074 1023 1105 esset,
1045 1069 1069 1098 si

179 1115 325 1151 viveret);
348 1120 377 1144 et
392 1114 542 1144 Lucullus
557 1113 634 1142 mihi
650 1118 783 1142 versatur
798 1118 867 1141 ante
882 1111 994 1145 oculos,
1012 1111 1068 1146 vir,

179 1168 249 1188 cum
265 1158 406 1187 omnibus
427 1157 585 1191 excellens,
608 1162 674 1185 tum
695 1165 814 1184 meeum
838 1161 867 1184 et
888 1154 1020 1184 amicitia
1041 1160 1070 1184 et

179 1201 263 1231 omni
278 1200 432 1230 voluntate
447 1199 654 1239 sententifique
670 1199 856 1236 conjunctus.

223 1243 381 1279 Praeclare,
402 1242 513 1283 inquit,
535 1242 619 1277 facis,
641 1251 710 1271 cum
727 1246 756 1270 et
771 1250 874 1270 eorum
890 1239 1068 1269 memoriam

178 1292 272 1324 tenes,
294 1296 425 1326 quorum
446 1291 572 1325 uterque
593 1284 647 1313 tibi
671 1289 850 1313 testamento
869 1283 976 1312 liberos
1001 1287 1077 1312 suos'

179 1328 412 1364 commendavit,
430 1334 459 1358 et
474 1337 602 1368 puerum
615 1326 724 1366 diligis.
747 1326 839 1363 Quod
852 1332 953 1355 autem
966 1335 1070 1355 meum

179 1382 292 1402 munus
311 1371 395 1408 dicis,
417 1380 477 1400 non
502 1370 642 1410 equidem
664 1379 785 1398 recuso:
814 1369 865 1398 sed
887 1374 915 1398 te
938 1368 1071 1407 adjungo

179 1415 303 1445 socium.
321 1414 416 1444 Addo
427 1413 517 1443 etiam
529 1412 617 1449 illud,
631 1412 728 1441 multa
737 1412 801 1450 jam
814 1411 890 1441 mihi
902 1411 972 1440 dare
985 1411 1070 1450 signa

179 1468 309 1498 puerum
335 1463 364 1487 et
389 1456 512 1497 pudoris
538 1461 567 1485 et
592 1454 726 1495 ingenii:
759 1454 810 1484 sed
833 1460 951 1483 aetatem
977 1454 1068 1483 vides.

179 1500 279 1530 Video
295 1499 446 1540 equidem,
463 1499 605 1539 inquam:
626 1497 677 1527 sed
692 1503 793 1527 tamen
807 1498 871 1536 jam
887 1496 968 1526 infici
981 1496 1069 1526 debet

179 1543 215 1573 iis
238 1543 362 1579 artibus,
382 1553 457 1583 quas
479 1542 515 1577 si,
539 1541 613 1570 dum
636 1546 680 1570 est
702 1546 795 1576 tener,
820 1539 1006 1575 combiberit,
1031 1539 1069 1569 ad

180 1588 296 1625 mejora
319 1585 417 1615 veniet
441 1584 580 1625 paratior.
616 1583 675 1621 Sic,
701 1588 730 1612 et
750 1582 873 1623 quidem
894 1582 1069 1622 diligentius

180 1629 361 1669 saepiusque,
392 1628 448 1658 ista
476 1627 637 1667 loquemur
665 1626 743 1656 inter
771 1635 847 1660 nos;
883 1635 1070 1665 agemusque

181 1671 390 1702 communiter.
418 1670 477 1701 sed
493 1669 686 1707 resideamus,
702 1668 813 1709 inquit,
831 1668 854 1697 si
869 1668 976 1708 placet.
1005 1668 1069 1698 Ita-

179 1725 238 1756 que
253 1714 387 1744 fecimus.

223 1758 287 1788 ΙΙΙ.
312 1757 398 1788 Tum
418 1756 488 1787 ille:
513 1755 565 1787 Tu
586 1760 698 1793 autem,
722 1764 789 1785 cum
812 1753 875 1795 ipse
896 1758 1015 1784 tantum
1031 1752 1069 1783 13-
