1226 1935
270 78 393 110 TUSC.
410 79 583 118 QUAEST.
602 80 679 110 Lm.
698 80 738 111 V.
756 80 838 110 Cim.
855 79 907 109 26.
970 78 1033 114 277

140 162 218 194 falsa
243 164 400 204 dijudicat,
424 165 588 197 disserendi
612 167 687 197 ratio
703 171 732 197 et
747 166 891 200 scientia;
916 175 953 195 ex
970 163 1032 205 qu&

139 216 210 236 cum
227 218 347 238 summa
362 209 475 239 utilitas
489 210 603 240 exsistit
618 210 656 239 ad
669 220 714 240 res
726 209 946 250 ponderandas,
964 214 1032 238 tum

139 250 274 281 maxime
289 251 421 291 ingenua
436 252 604 290 delectatio,
625 259 654 283 et
670 253 762 293 digna
778 251 932 292 sapientia.
971 250 1032 281 Sed

138 291 203 323 haec
218 294 280 324 otii.
305 294 334 324 'l
337 301 454 325 tanseat
469 296 548 326 idern
562 296 617 326 iste
629 296 747 336 sapiens
759 294 797 325 ad
810 294 1031 335 rempublicam

139 336 293 367 tuendam.
319 338 405 375 Quid
421 349 455 368 eo
471 339 564 379 possit
580 349 641 369 esse
654 337 855 379 praestantius,
874 347 943 367 curn
960 346 1031 367 con-

138 378 226 409 tineri
252 380 414 420 prudentia
440 382 603 412 utilitatem
630 381 742 412 civium
768 386 881 417 cernat,
911 380 1032 419 justitia

137 421 213 452 nihil
234 423 266 453 in
287 434 374 454 suam
398 425 524 454 domum
548 424 617 454 inde
639 424 763 461 derivet,
788 423 911 464 reliquis
927 429 1031 452 utatur

137 470 181 494 tot
193 472 257 496 tam
272 467 421 508 variisque
437 478 453 497 v
456 467 616 498 irtutibus.
609 470 623 489 ⁹
647 467 795 507 Adjunge
807 466 941 496 fructum
953 466 1031 495 ami-

136 507 296 545 citiarum3
318 510 350 539 in
366 521 427 551 quo
442 510 536 540 doctis
557 511 690 551 positum
713 516 757 540 est
778 520 847 540 cum
869 509 1030 539 consilium

135 552 234 582 omnis
259 553 338 590 vitae,
368 554 554 584 consentiens
581 560 610 584 et
636 565 667 594 pz
658 563 723 583 ene
748 553 933 593 conspirans,
961 557 1030 582 tum

135 604 257 625 summa
278 596 453 635 jucunditas
478 607 494 627 e
516 597 693 638 quotidiano
718 597 799 626 cultu
824 601 915 636 atque
937 594 1027 625 victu.

135 638 221 675 Quid
246 638 310 669 haec
335 640 458 670 tandem
482 640 544 670 vita
563 640 722 675 desiderat,
747 649 808 680 quo
829 639 866 669 sit
887 638 1028 669 beatior?

134 681 195 717 cui,
212 681 327 712 refertae
343 689 387 712 tot
399 683 550 724 tantisque
564 683 694 723 gaudiis,
712 682 835 712 fortuna
849 682 915 722 ipsa
929 681 1026 718 cedat,

134 733 252 754 necesse
267 732 319 755 est.
352 725 446 763 Quod
462 726 485 756 si
501 726 632 767 gaudere
645 726 755 756 talibus
771 725 858 755 bonis
873 724 978 762 animi,
996 724 1027 753 id

134 773 189 804 est,
215 768 387 805 virtutibus,
414 770 537 799 beatum
559 775 614 807 est,
635 779 801 809 omnesque
821 768 971 808 sapientes
991 767 1027 797 iis

132 810 251 850 gaudiis
266 811 486 852 perfruuntur;
502 822 607 843 omnes
622 822 671 842 eos
687 811 821 842 confiteri
835 813 938 842 beatos
953 820 1027 848 esse,

134 862 252 884 necesse
267 861 319 885 est.

176 896 304 928 XXVI.
328 898 358 928 A
364 900 476 929 aditor.
498 899 643 929 Etiamne
657 898 690 928 in
706 898 839 929 cruciatu
859 903 950 938 atque
966 902 1027 927 tor-

131 940 267 971 mentis?
292 943 435 972 Marcus.
452 942 506 972 An
522 949 555 972 tu
571 952 620 972 nie
635 942 667 971 in
683 941 763 972 viola
775 942 915 981 putabas,
932 946 985 970 aut
995 940 1028 970 in

134 983 212 1021 rosa,
238 984 360 1015 dicere?
384 995 423 1015 an
440 985 586 1026 Epicuro,
611 985 664 1026 qui
689 983 902 1014 tantummodo
926 983 1027 1013 induit

131 1037 292 1067 personam
307 1028 491 1069 philosophi,
509 1034 538 1058 et
553 1028 609 1059 sibi
625 1028 689 1069 ipse
704 1028 761 1057 hoc
772 1037 884 1057 nomen
899 1026 1026 1067 inscrip-

132 1070 182 1108 sit,
196 1070 293 1101 dicere
303 1071 415 1109 licebit,
434 1072 530 1112 (quod
546 1071 682 1113 quidem,
699 1076 734 1101 ut
748 1071 840 1101 habet
856 1081 886 1100 se
901 1080 958 1107 ree,
975 1079 1026 1100 me

132 1118 234 1144 tamen
249 1114 413 1154 plaudente
429 1115 513 1152 dicit)
530 1115 652 1144 nullum
668 1113 796 1155 sapienti
812 1123 874 1144 esse
888 1119 1023 1153 tempus,

131 1156 186 1186 etsi
210 1163 326 1194 uratur,
349 1164 536 1199 torqueatur,
559 1163 685 1195 secetur,
711 1157 786 1198 quin
811 1156 905 1198 possit
925 1156 1025 1186 excla-

131 1209 226 1237 mare,
253 1202 274 1218 “
291 1200 396 1239 Quam
421 1212 475 1242 pro
499 1201 595 1231 nihilo
617 1200 737 1242 puto!’'
761 1210 831 1231 cum
856 1199 1024 1240 praesertim

130 1252 222 1273 omne
233 1244 351 1274 malum
364 1244 466 1275 dolore
482 1244 616 1280 definiat,
633 1245 749 1274 bonum
766 1243 941 1283 voluptate;
958 1242 1024 1273 haec

129 1292 231 1316 nostra
257 1287 393 1324 honesta,
418 1288 530 1336 turpia,
547 1287 692 1323 irrideat3
717 1287 869 1327 dicatque,
897 1295 963 1322 nos,
990 1285 1023 1316 in

129 1329 253 1360 vocibus
288 1337 457 1371 occupatos,
490 1331 594 1361 inanes
625 1340 712 1360 sonos
741 1330 889 1360 fundere·
879 1351 889 1364 ,
922 1338 1023 1369 neque

129 1372 299 1414 quidquam
315 1374 354 1404 ad
369 1384 423 1404 nos
438 1374 598 1415 pertinere,
622 1373 679 1404 nisi
695 1373 778 1414 quod
799 1380 851 1402 aut
871 1372 947 1402 laeve
968 1377 1023 1401 aut

128 1426 269 1456 asperum
290 1417 322 1446 in
343 1427 465 1458 corpore
487 1417 640 1447 sentiatur.
675 1416 758 1446 Htuc
779 1426 861 1456 ergo,
879 1418 927 1448 (ut
942 1414 1021 1450 dixi)

127 1468 188 1489 non
211 1460 346 1490 multum
370 1460 520 1491 differenti
543 1471 561 1490 a
582 1460 696 1499 judicio
719 1459 864 1495 ferarum,
886 1457 1022 1488 oblivisci

127 1502 229 1533 licebit
253 1503 324 1534 sui?
348 1510 377 1534 et
400 1510 468 1534 tum
489 1503 643 1534 fortunam
665 1509 867 1538 contemnere,
891 1511 962 1531 cum
984 1500 1022 1530 sit

126 1555 218 1575 omne
233 1552 262 1576 et
277 1548 393 1577 bonum
410 1548 474 1586 ejus
490 1552 520 1577 et
534 1546 676 1577 malum'
668 1556 700 1576 in
715 1551 862 1587 potestate
877 1544 1019 1580 fortunae,

128 1594 196 1618 tum
208 1589 316 1627 dicere,
333 1601 364 1620 se
379 1591 503 1620 beatum
518 1590 551 1620 in
567 1599 688 1620 summo
704 1588 837 1619 cruciatu
854 1593 945 1627 atque
960 1592 1022 1616 tor-

126 1632 248 1668 mentis,
272 1642 342 1662 cum
363 1633 561 1670 constituerit,
585 1643 646 1663 non
666 1632 758 1662 modo
779 1639 936 1661 summum
955 1639 1022 1659 ma-

127 1674 194 1704 lum
211 1686 273 1705 esse
288 1675 435 1711 dolorem,
452 1676 504 1706 sed
519 1677 610 1706 etiam
626 1676 725 1706 solum
737 1677 751 1705 Ρ

171 1718 238 1748 Nec
259 1728 329 1749 vero
348 1719 402 1749 illa
417 1719 474 1749 sibi
489 1719 622 1750 remedia
637 1717 823 1759 comparavit
837 1716 876 1746 ad
891 1716 1021 1746 toleran-

126 1760 202 1791 dum
224 1761 371 1800 dolorem,
394 1762 569 1794 firmitatem
591 1762 697 1800 animi,
720 1759 918 1801 turpitudinis
939 1768 1022 1789 vere-

172 1805 338 1845 (Philos.)
353 1814 436 1835 vm..
452 1814 509 1835 111.
705 1805 724 1834 2
742 1813 761 1834 Β
