1226 1935
252 96 559 137 TUSC.QUAEST.
576 96 655 128 Lm.
671 96 737 128 111.
754 95 837 129 CAP.
851 97 881 127 2.
952 93 1011 126 183

123 193 275 225 nusquam
284 190 401 214 naturae
411 184 515 214 lumen
528 188 679 224 appareat.
703 184 782 213 Sunt
794 182 874 213 enim
887 181 1015 222 ingeniis

124 227 232 257 nostris
247 228 363 257 semina
374 227 479 257 innata
490 226 659 262 virtutum3
683 237 752 267 quae
764 225 787 256 si
800 225 966 256 adolescere
978 224 1015 254 li-

123 274 213 307 ceret,
232 270 297 310 ipsa
312 280 365 300 nos
386 270 424 300 ad
444 271 564 300 beatam
585 269 679 299 vitam
700 275 808 299 natura
828 268 1012 309 perduceret.

124 313 156 343 N
160 322 218 344 unc
233 319 347 351 autern,
364 313 456 343 simul
471 319 562 353 atque
577 312 648 342 editi
669 311 701 341 in
721 312 820 342 lucem
837 316 865 342 et
886 310 1015 351 suscepti

123 365 241 394 sumus,
265 356 296 385 in
312 356 395 386 omni
411 355 552 386 continuo
564 355 710 396 pravitate
725 361 754 385 et
769 355 800 384 in
816 364 937 384 summa
949 353 1015 393 opi-

124 398 252 429 nionum
275 399 467 440 perversitate
487 409 661 434 versamur;
685 404 720 428 ut
740 407 826 438 paene
847 407 916 427 cum
937 397 1014 426 lacte

122 442 247 472 nutricis
263 452 392 472 errorem
405 441 520 472 suxisse
531 441 697 472 videamur.
722 440 802 471 Cum
813 450 893 477 vero,
904 448 1013 481 paren-

123 484 204 514 tibus
219 485 337 521 redditi,
356 484 515 526 [demum]
532 484 683 524 magistris
699 483 800 514 traditi
813 493 929 519 sumus,
946 488 1014 511 tum

123 527 166 557 ita
181 528 269 558 variis
290 528 458 558 imbuimur
478 527 637 564 erroribus,
654 533 688 557 ut
703 526 828 557 vanitati
849 525 967 564 veritas,
984 530 1014 555 et

124 570 260 611 opinioni
275 570 459 601 confirmatae
474 576 582 600 natura
597 571 673 611 ipsa,
690 569 784 600 cedat.

168 614 214 644 11.
239 614 400 644 Accedunt
426 614 516 644 etiam
537 613 653 654 poetam
687 613 752 654 qui,
776 621 846 643 cum
867 620 1013 652 magnam

124 656 253 697 speciem
269 656 412 687 doctrinae
427 657 641 698 sapientiaeque
659 667 721 697 prae
741 666 772 686 se
792 655 939 692 tulerunt,
961 665 1016 684 au-

123 700 260 749 diuntur,
276 701 431 741 leguntur,
444 700 628 737 ediscuntur,
641 706 670 730 et
681 699 882 729 inhaerescunt
893 697 1014 739 penitus

123 742 155 772 in
171 743 334 774 mentibus.
359 743 441 774 Cum
456 753 525 773 vero
541 743 657 780 eodem,
675 742 761 791 quasi
775 741 929 771 maximus
947 740 1016 781 qui-

123 786 195 816 dam
211 787 364 835 magister,
378 786 521 827 populus,
534 792 625 827 atque
636 785 734 816 omnis
746 785 881 825 undique
893 783 931 814 ad
943 783 1016 813 vitia

123 830 310 860 consentiens
331 829 507 866 multitudo,
529 835 596 859 tum
616 829 706 870 plane
726 828 878 858 inficimur
898 826 1016 868 opinio-

124 882 199 902 num
223 872 380 913 pravitate,
404 882 423 902 a
444 872 614 913 naturaque
636 871 848 907 desciscimus·
873 875 908 900 ut
929 869 1016 900 nobis

124 916 271 956 optimam
287 922 427 946 naturam
443 915 584 945 invidisse
599 915 767 953 videantur,
785 913 838 955 qui
857 912 933 943 nihil
948 923 1013 943 me-

124 959 183 988 lius
198 958 326 996 homini,
343 958 420 988 nihil
434 958 532 1007 magis
547 957 762 999 expetendum,
779 957 855 987 nihil
870 961 1015 997 praestan-

125 1002 184 1032 tius
205 1001 381 1040 honoribus,
402 1001 546 1042 imperiis,
568 1001 708 1042 populari
731 1000 838 1042 gloria,
863 999 1016 1039 judicave-

126 1051 216 1081 runt3
241 1045 279 1075 ad
294 1055 388 1086 quam
408 1044 504 1075 fertur
524 1044 657 1085 optimus
679 1044 827 1085 quisque;
852 1051 1016 1083 veramque

124 1088 210 1118 illam
221 1088 408 1118 honestatem
425 1093 577 1128 expetens,
591 1097 685 1129 quam
695 1097 788 1117 unam
804 1092 913 1116 natura
928 1095 1016 1115 max-

126 1131 187 1161 ime
209 1131 345 1172 inquirit,
362 1131 393 1161 in
409 1141 531 1161 summa
556 1131 701 1161 inanitate
719 1135 874 1166 versatur3
898 1138 1017 1159 consec-

128 1180 268 1215 taturque
288 1174 406 1204 nullam
428 1174 610 1204 eminentem
632 1173 762 1214 effigiem
785 1152 948 1213 [νιιτιιῐιε],
965 1170 1018 1201 sed

130 1217 366 1247 adumbratam·
358 1217 524 1257 imaginem
540 1216 652 1257 gloriae.
686 1216 744 1247 Est
765 1215 845 1246 enim
861 1215 957 1257 gloria
972 1224 1019 1244 so-

129 1260 191 1290 lida
202 1260 342 1301 quaedam
356 1271 402 1290 res
414 1266 443 1290 et
458 1270 608 1308 expressa,
621 1269 682 1290 non
698 1259 886 1290 adumbrata.
911 1257 960 1289 Ea
972 1262 1016 1287 est

126 1303 313 1334 consentiens
327 1304 393 1334 laus
407 1305 568 1341 bonorum,
585 1303 757 1343 incorrupta
769 1312 827 1332 vox
844 1303 920 1332 bene
931 1299 1016 1341 judi-

128 1346 263 1376 cantium
285 1346 322 1377 de
344 1347 507 1377 excellente
528 1347 647 1377 virtute.
682 1345 730 1376 Ea
756 1345 860 1376 virtuti
885 1348 1015 1381 resonat,

128 1395 287 1430 tamquam
301 1389 422 1431 imago:
446 1400 526 1431 quae,
543 1389 615 1430 quia
630 1394 707 1419 recte
719 1388 865 1419 factorum
882 1387 1017 1427 plerum-

129 1443 189 1475 que
205 1443 302 1462 comes
318 1439 372 1470 est,
388 1442 448 1463 non
464 1438 508 1463 est
522 1433 609 1463 bonis
625 1431 694 1462 viris
709 1430 906 1472 repudianda.

173 1475 232 1506 Illa
247 1480 359 1513 autem,
376 1486 444 1516 quae
459 1486 490 1506 se
505 1477 570 1515 ejus
589 1475 780 1506 imitatricem
802 1485 864 1505 esse
880 1473 957 1511 vult,
974 1478 1018 1503 te-

130 1518 259 1550 meraria
268 1524 363 1566 *atque
382 1518 610 1558 inconsiderata,
634 1524 663 1549 et
682 1519 864 1559 plerumque
882 1521 1019 1557 peccato-

130 1572 200 1592 rum
223 1561 425 1602 vitiorumque
445 1561 609 1599 laudatrix,
632 1562 715 1592 fama
736 1559 900 1608 popularis,
924 1559 1020 1589 simu-

131 1605 242 1635 latione
267 1604 429 1635 honestatis
453 1604 584 1635 formam
610 1606 674 1644 ejus
700 1602 1020 1646 pulchritudinemque

132 1648 307 1696 corrumpit.
345 1647 419 1685 Qua
444 1648 575 1678 caecitate
600 1648 749 1685 homines,
777 1656 847 1677 curn
877 1645 1020 1693 quaedam

132 1691 224 1722 etiam
248 1690 391 1731 praeclara
413 1697 566 1732 cuperent,
595 1701 690 1732 eaque
715 1690 862 1720 nescirent
887 1699 942 1718 nec
967 1687 1021 1718 ubi

134 1744 188 1765 nec
203 1734 306 1774 qualia
320 1740 428 1771 essent,
443 1734 581 1765 funditus
605 1734 656 1764 alii
676 1738 846 1764 everterunt
865 1741 933 1762 suas
953 1730 1025 1761 civi-

135 1782 231 1814 tates;
254 1776 328 1808 alji'
320 1776 378 1818 ipsi
393 1777 572 1809 occiderunt.
597 1777 703 1818 Atque
717 1776 750 1807 hi
761 1775 897 1817 quidem,
910 1774 1026 1816 optima
