<?xml version="1.0" encoding="UTF-8"?>
<!DOCTYPE html PUBLIC "-//W3C//DTD XHTML 1.0 Transitional//EN"
    "http://www.w3.org/TR/xhtml1/DTD/xhtml1-transitional.dtd">
<html xmlns="http://www.w3.org/1999/xhtml" xml:lang="en" lang="en">
 <head>
  <title>
</title>
<meta http-equiv="Content-Type" content="text/html;charset=utf-8" />
  <meta name='ocr-system' content='tesseract 3.04.00' />
  <meta name='ocr-capabilities' content='ocr_page ocr_carea ocr_par ocr_line ocrx_word'/>
</head>
<body>
  <div class='ocr_page' id='page_1' title='image "./operaern03ciceuoft_0151.png"; bbox 0 0 1226 1935; ppageno 0'>
   <div class='ocr_carea' id='block_1_1' title="bbox 238 79 1000 120">
    <p class='ocr_par' dir='ltr' id='par_1_1' title="bbox 238 79 1000 120">
     <span class='ocr_line' id='line_1_1' title="bbox 238 79 1000 120; baseline 0.003 -8"><span class='ocrx_word' id='word_1_1' title='bbox 238 80 362 113; x_wconf 85' lang='lat' dir='ltr'><strong>TUSC.</strong></span> <span class='ocrx_word' id='word_1_2' title='bbox 378 80 552 120; x_wconf 81' lang='lat' dir='ltr'><strong>QUAEST.</strong></span> <span class='ocrx_word' id='word_1_3' title='bbox 569 79 649 111; x_wconf 77' lang='lat' dir='ltr'>LIB-</span> <span class='ocrx_word' id='word_1_4' title='bbox 666 79 694 110; x_wconf 87' lang='lat'><strong>1.</strong></span> <span class='ocrx_word' id='word_1_5' title='bbox 719 79 802 112; x_wconf 69' lang='lat' dir='ltr'><strong>Cn‘.</strong></span> <span class='ocrx_word' id='word_1_6' title='bbox 818 81 871 112; x_wconf 77' lang='lat'><strong>34.</strong></span> <span class='ocrx_word' id='word_1_7' title='bbox 940 83 1000 118; x_wconf 89' lang='grc'><strong>137</strong></span> 
     </span>
    </p>
   </div>
   <div class='ocr_carea' id='block_1_2' title="bbox 113 166 1014 1835">
    <p class='ocr_par' dir='ltr' id='par_1_2' title="bbox 113 166 1009 413">
     <span class='ocr_line' id='line_1_2' title="bbox 114 166 1009 216; baseline 0.003 -20"><span class='ocrx_word' id='word_1_8' title='bbox 114 166 259 216; x_wconf 80' lang='lat' dir='ltr'><strong>agimus?</strong></span> <span class='ocrx_word' id='word_1_9' title='bbox 282 166 422 199; x_wconf 79' lang='lat' dir='ltr'><strong>oblitine</strong></span> <span class='ocrx_word' id='word_1_10' title='bbox 439 177 558 206; x_wconf 77' lang='lat' dir='ltr'><strong>sumus,</strong></span> <span class='ocrx_word' id='word_1_11' title='bbox 579 166 637 197; x_wconf 89' lang='lat' dir='ltr'><strong>hoc</strong></span> <span class='ocrx_word' id='word_1_12' title='bbox 656 175 739 197; x_wconf 90' lang='lat' dir='ltr'><strong>nunc</strong></span> <span class='ocrx_word' id='word_1_13' title='bbox 760 167 847 198; x_wconf 85' lang='lat' dir='ltr'><strong>nobis</strong></span> <span class='ocrx_word' id='word_1_14' title='bbox 862 177 925 198; x_wconf 82' lang='lat' dir='ltr'><strong>esse</strong></span> <span class='ocrx_word' id='word_1_15' title='bbox 938 179 1009 209; x_wconf 87' lang='lat' dir='ltr'><strong>pro-</strong></span> 
     </span>
     <span class='ocr_line' id='line_1_3' title="bbox 113 209 1008 259; baseline 0.002 -19"><span class='ocrx_word' id='word_1_16' title='bbox 113 210 259 259; x_wconf 79' lang='lat' dir='ltr'><strong>positum,</strong></span> <span class='ocrx_word' id='word_1_17' title='bbox 283 221 353 241; x_wconf 87' lang='lat' dir='ltr'><strong>cum</strong></span> <span class='ocrx_word' id='word_1_18' title='bbox 372 212 443 241; x_wconf 86' lang='lat' dir='ltr'><strong>satis</strong></span> <span class='ocrx_word' id='word_1_19' title='bbox 463 210 500 241; x_wconf 90' lang='lat' dir='ltr'><strong>de</strong></span> <span class='ocrx_word' id='word_1_20' title='bbox 523 210 687 240; x_wconf 86' lang='lat' dir='ltr'><strong>aeternitate</strong></span> <span class='ocrx_word' id='word_1_21' title='bbox 707 209 899 249; x_wconf 83' lang='lat' dir='ltr'><strong>dixissemus,</strong></span> <span class='ocrx_word' id='word_1_22' title='bbox 916 221 965 249; x_wconf 83' lang='lat' dir='ltr'><strong>ne,</strong></span> <span class='ocrx_word' id='word_1_23' title='bbox 983 212 1008 242; x_wconf 89' lang='lat' dir='ltr'><strong>si</strong></span> 
     </span>
     <span class='ocr_line' id='line_1_4' title="bbox 113 252 1007 301; baseline 0.001 -18"><span class='ocrx_word' id='word_1_24' title='bbox 113 253 270 284; x_wconf 88' lang='lat' dir='ltr'><strong>interirent</strong></span> <span class='ocrx_word' id='word_1_25' title='bbox 295 254 420 295; x_wconf 87' lang='lat' dir='ltr'><strong>quidem</strong></span> <span class='ocrx_word' id='word_1_26' title='bbox 446 253 552 291; x_wconf 80' lang='lat' dir='ltr'><strong>animi,</strong></span> <span class='ocrx_word' id='word_1_27' title='bbox 584 252 753 301; x_wconf 82' lang='lat' dir='ltr'>quidquam</span> <span class='ocrx_word' id='word_1_28' title='bbox 784 253 858 283; x_wconf 88' lang='lat' dir='ltr'><strong>mali</strong></span> <span class='ocrx_word' id='word_1_29' title='bbox 883 264 946 284; x_wconf 82' lang='lat' dir='ltr'><strong>esse</strong></span> <span class='ocrx_word' id='word_1_30' title='bbox 974 254 1007 284; x_wconf 89' lang='lat' dir='ltr'><strong>in</strong></span> 
     </span>
     <span class='ocr_line' id='line_1_5' title="bbox 113 296 1008 337; baseline 0.001 -11"><span class='ocrx_word' id='word_1_31' title='bbox 113 298 236 327; x_wconf 84' lang='lat' dir='ltr'><strong>morte?</strong></span> <span class='ocrx_word' id='word_1_32' title='bbox 259 297 406 327; x_wconf 73' lang='lat' dir='ltr'><strong>Auditor.</strong></span> <span class='ocrx_word' id='word_1_33' title='bbox 429 297 497 337; x_wconf 88' lang='lat' dir='ltr'><strong>Ego</strong></span> <span class='ocrx_word' id='word_1_34' title='bbox 520 306 588 326; x_wconf 85' lang='lat' dir='ltr'><strong>vero</strong></span> <span class='ocrx_word' id='word_1_35' title='bbox 610 296 828 326; x_wconf 87' lang='lat' dir='ltr'><strong>memineram·</strong></span> <span class='ocrx_word' id='word_1_36' title='bbox 853 296 904 326; x_wconf 92' lang='lat' dir='ltr'><strong>sed</strong></span> <span class='ocrx_word' id='word_1_37' title='bbox 927 303 955 326; x_wconf 88' lang='lat' dir='ltr'><strong>te</strong></span> <span class='ocrx_word' id='word_1_38' title='bbox 970 297 1008 327; x_wconf 89' lang='lat' dir='ltr'><strong>de</strong></span> 
     </span>
     <span class='ocr_line' id='line_1_6' title="bbox 115 339 1008 380; baseline 0.001 -11"><span class='ocrx_word' id='word_1_39' title='bbox 115 339 281 370; x_wconf 84' lang='lat' dir='ltr'><strong>aeternitate</strong></span> <span class='ocrx_word' id='word_1_40' title='bbox 301 340 451 370; x_wconf 80' lang='lat' dir='ltr'><strong>dicentem</strong></span> <span class='ocrx_word' id='word_1_41' title='bbox 475 341 612 370; x_wconf 89' lang='lat' dir='ltr'><strong>aberrare</strong></span> <span class='ocrx_word' id='word_1_42' title='bbox 635 349 653 368; x_wconf 91' lang='lat' dir='ltr'><strong>a</strong></span> <span class='ocrx_word' id='word_1_43' title='bbox 674 339 826 380; x_wconf 80' lang='lat' dir='ltr'><strong>proposito</strong></span> <span class='ocrx_word' id='word_1_44' title='bbox 846 339 933 370; x_wconf 84' lang='lat' dir='ltr'><strong>facile</strong></span> <span class='ocrx_word' id='word_1_45' title='bbox 953 350 1008 380; x_wconf 88' lang='lat' dir='ltr'><strong>pa-</strong></span> 
     </span>
     <span class='ocr_line' id='line_1_7' title="bbox 116 382 221 413; baseline -0.01 0"><span class='ocrx_word' id='word_1_46' title='bbox 116 382 221 413; x_wconf 85' lang='lat' dir='ltr'><strong>tiebar.</strong></span> 
     </span>
    </p>

    <p class='ocr_par' dir='ltr' id='par_1_3' title="bbox 114 424 1011 1156">
     <span class='ocr_line' id='line_1_8' title="bbox 158 424 1007 465; baseline 0 -10"><span class='ocrx_word' id='word_1_47' title='bbox 158 425 321 456; x_wconf 89' lang='lat' dir='ltr'>XXXIV.</span> <span class='ocrx_word' id='word_1_48' title='bbox 338 427 482 456; x_wconf 75' lang='lat' dir='ltr'><strong>Marcus.</strong></span> <span class='ocrx_word' id='word_1_49' title='bbox 495 424 594 456; x_wconf 90' lang='lat' dir='ltr'><strong>Video</strong></span> <span class='ocrx_word' id='word_1_50' title='bbox 609 430 639 454; x_wconf 89' lang='lat' dir='ltr'><strong>te</strong></span> <span class='ocrx_word' id='word_1_51' title='bbox 654 424 714 455; x_wconf 84' lang='lat' dir='ltr'><strong>alte</strong></span> <span class='ocrx_word' id='word_1_52' title='bbox 726 431 870 465; x_wconf 84' lang='lat' dir='ltr'><strong>spectare,</strong></span> <span class='ocrx_word' id='word_1_53' title='bbox 887 430 917 456; x_wconf 83' lang='lat' dir='ltr'><strong>et</strong></span> <span class='ocrx_word' id='word_1_54' title='bbox 929 425 1007 456; x_wconf 90' lang='lat' dir='ltr'><strong>velle</strong></span> 
     </span>
     <span class='ocr_line' id='line_1_9' title="bbox 114 467 1007 509; baseline 0 -11"><span class='ocrx_word' id='word_1_55' title='bbox 114 467 146 498; x_wconf 91' lang='lat' dir='ltr'><strong>in</strong></span> <span class='ocrx_word' id='word_1_56' title='bbox 162 469 272 498; x_wconf 81' lang='lat' dir='ltr'><strong>ooelum</strong></span> <span class='ocrx_word' id='word_1_57' title='bbox 287 469 426 509; x_wconf 88' lang='lat' dir='ltr'><strong>migrare.</strong></span> <span class='ocrx_word' id='word_1_58' title='bbox 449 469 596 498; x_wconf 79' lang='lat' dir='ltr'><strong><em>Auditor.</em></strong></span> <span class='ocrx_word' id='word_1_59' title='bbox 613 468 707 508; x_wconf 85' lang='lat' dir='ltr'><strong>Spero</strong></span> <span class='ocrx_word' id='word_1_60' title='bbox 719 467 793 504; x_wconf 78' lang='lat' dir='ltr'><strong>fore,</strong></span> <span class='ocrx_word' id='word_1_61' title='bbox 806 475 841 498; x_wconf 85' lang='lat' dir='ltr'><strong>ut</strong></span> <span class='ocrx_word' id='word_1_62' title='bbox 852 468 1007 509; x_wconf 87' lang='lat' dir='ltr'><strong>contingat</strong></span> 
     </span>
     <span class='ocr_line' id='line_1_10' title="bbox 114 510 1008 549; baseline 0 -8"><span class='ocrx_word' id='word_1_63' title='bbox 114 511 146 541; x_wconf 89' lang='lat' dir='ltr'><strong>id</strong></span> <span class='ocrx_word' id='word_1_64' title='bbox 161 512 258 542; x_wconf 89' lang='lat' dir='ltr'><strong>nobis.</strong></span> <span class='ocrx_word' id='word_1_65' title='bbox 297 512 357 542; x_wconf 79' lang='lat' dir='ltr'><strong>Sed</strong></span> <span class='ocrx_word' id='word_1_66' title='bbox 372 512 430 549; x_wconf 80' lang='lat' dir='ltr'><strong>fac,</strong></span> <span class='ocrx_word' id='word_1_67' title='bbox 447 518 482 542; x_wconf 91' lang='lat' dir='ltr'><strong>ut</strong></span> <span class='ocrx_word' id='word_1_68' title='bbox 496 511 545 541; x_wconf 81' lang='lat' dir='ltr'><strong>isti</strong></span> <span class='ocrx_word' id='word_1_69' title='bbox 560 511 678 547; x_wconf 83' lang='lat' dir='ltr'><strong>volunt,</strong></span> <span class='ocrx_word' id='word_1_70' title='bbox 700 510 817 541; x_wconf 88' lang='lat' dir='ltr'><strong>animos</strong></span> <span class='ocrx_word' id='word_1_71' title='bbox 833 521 894 542; x_wconf 83' lang='lat' dir='ltr'><strong>non</strong></span> <span class='ocrx_word' id='word_1_72' title='bbox 910 521 1008 541; x_wconf 87' lang='lat' dir='ltr'><strong>rema-</strong></span> 
     </span>
     <span class='ocr_line' id='line_1_11' title="bbox 115 553 1009 595; baseline 0.001 -11"><span class='ocrx_word' id='word_1_73' title='bbox 115 564 186 584; x_wconf 89' lang='lat' dir='ltr'><strong>nere</strong></span> <span class='ocrx_word' id='word_1_74' title='bbox 200 560 269 595; x_wconf 84' lang='lat' dir='ltr'><strong>post</strong></span> <span class='ocrx_word' id='word_1_75' title='bbox 289 561 441 585; x_wconf 86' lang='lat' dir='ltr'><strong>mortem:</strong></span> <span class='ocrx_word' id='word_1_76' title='bbox 466 554 553 585; x_wconf 88' lang='lat' dir='ltr'><strong>video</strong></span> <span class='ocrx_word' id='word_1_77' title='bbox 571 564 636 592; x_wconf 86' lang='lat' dir='ltr'><strong>nos,</strong></span> <span class='ocrx_word' id='word_1_78' title='bbox 657 553 681 583; x_wconf 89' lang='lat' dir='ltr'><strong>si</strong></span> <span class='ocrx_word' id='word_1_79' title='bbox 697 554 739 583; x_wconf 88' lang='lat' dir='ltr'><strong>ita</strong></span> <span class='ocrx_word' id='word_1_80' title='bbox 754 554 802 591; x_wconf 76' lang='lat' dir='ltr'><strong>sit,</strong></span> <span class='ocrx_word' id='word_1_81' title='bbox 824 554 936 595; x_wconf 85' lang='lat' dir='ltr'><strong>privari</strong></span> <span class='ocrx_word' id='word_1_82' title='bbox 956 565 1009 595; x_wconf 87' lang='lat' dir='ltr'><strong>spe</strong></span> 
     </span>
     <span class='ocr_line' id='line_1_12' title="bbox 115 597 1009 637; baseline 0 -10"><span class='ocrx_word' id='word_1_83' title='bbox 115 597 255 628; x_wconf 85' lang='lat' dir='ltr'><strong>beatioris</strong></span> <span class='ocrx_word' id='word_1_84' title='bbox 275 598 353 628; x_wconf 84' lang='lat' dir='ltr'><strong>vitae.</strong></span> <span class='ocrx_word' id='word_1_85' title='bbox 390 599 533 628; x_wconf 62' lang='lat' dir='ltr'><strong>stlat-em·-</strong></span> <span class='ocrx_word' id='word_1_86' title='bbox 554 597 635 627; x_wconf 83' lang='lat' dir='ltr'><strong>Mali</strong></span> <span class='ocrx_word' id='word_1_87' title='bbox 658 607 728 626; x_wconf 89' lang='lat' dir='ltr'><strong>vero</strong></span> <span class='ocrx_word' id='word_1_88' title='bbox 751 597 825 637; x_wconf 88' lang='lat' dir='ltr'><strong>quid</strong></span> <span class='ocrx_word' id='word_1_89' title='bbox 846 597 932 627; x_wconf 85' lang='lat' dir='ltr'><strong>affert</strong></span> <span class='ocrx_word' id='word_1_90' title='bbox 951 597 1009 627; x_wconf 86' lang='lat' dir='ltr'><strong>ista</strong></span> 
     </span>
     <span class='ocr_line' id='line_1_13' title="bbox 116 640 1006 681; baseline 0.001 -11"><span class='ocrx_word' id='word_1_91' title='bbox 116 641 290 671; x_wconf 83' lang='lat' dir='ltr'><strong>sententia?</strong></span> <span class='ocrx_word' id='word_1_92' title='bbox 315 641 339 671; x_wconf 81' lang='lat'><strong>1·</strong></span> <span class='ocrx_word' id='word_1_93' title='bbox 342 651 376 671; x_wconf 87' lang='lat' dir='ltr'><strong>ac</strong></span> <span class='ocrx_word' id='word_1_94' title='bbox 388 641 469 671; x_wconf 85' lang='lat' dir='ltr'><strong>enim</strong></span> <span class='ocrx_word' id='word_1_95' title='bbox 483 641 524 671; x_wconf 85' lang='lat' dir='ltr'><strong>sic</strong></span> <span class='ocrx_word' id='word_1_96' title='bbox 536 641 618 670; x_wconf 86' lang='lat' dir='ltr'><strong>anim</strong></span> <span class='ocrx_word' id='word_1_97' title='bbox 621 650 675 670; x_wconf 89' lang='lat' dir='ltr'><strong>um</strong></span> <span class='ocrx_word' id='word_1_98' title='bbox 686 640 819 678; x_wconf 80' lang='lat' dir='ltr'><strong>interire,</strong></span> <span class='ocrx_word' id='word_1_99' title='bbox 832 646 867 670; x_wconf 81' lang='lat' dir='ltr'><strong>ut</strong></span> <span class='ocrx_word' id='word_1_100' title='bbox 879 651 1006 681; x_wconf 90' lang='lat' dir='ltr'><strong>corpus·</strong></span> 
     </span>
     <span class='ocr_line' id='line_1_14' title="bbox 115 683 1008 725; baseline 0 -12"><span class='ocrx_word' id='word_1_101' title='bbox 115 693 191 713; x_wconf 87' lang='lat' dir='ltr'><strong>num</strong></span> <span class='ocrx_word' id='word_1_102' title='bbox 212 684 305 724; x_wconf 84' lang='lat' dir='ltr'><strong>igitur</strong></span> <span class='ocrx_word' id='word_1_103' title='bbox 325 684 434 725; x_wconf 82' lang='lat' dir='ltr'><strong>aliquis</strong></span> <span class='ocrx_word' id='word_1_104' title='bbox 455 684 550 721; x_wconf 83' lang='lat' dir='ltr'><strong>dolor,</strong></span> <span class='ocrx_word' id='word_1_105' title='bbox 573 690 626 713; x_wconf 78' lang='lat' dir='ltr'><strong>aut</strong></span> <span class='ocrx_word' id='word_1_106' title='bbox 647 683 772 713; x_wconf 88' lang='lat' dir='ltr'><strong>omnino</strong></span> <span class='ocrx_word' id='word_1_107' title='bbox 792 689 859 724; x_wconf 87' lang='lat' dir='ltr'><strong>post</strong></span> <span class='ocrx_word' id='word_1_108' title='bbox 878 690 1008 713; x_wconf 87' lang='lat' dir='ltr'><strong>mortem</strong></span> 
     </span>
     <span class='ocr_line' id='line_1_15' title="bbox 115 725 1009 768; baseline 0 -12"><span class='ocrx_word' id='word_1_109' title='bbox 115 736 230 764; x_wconf 75' lang='lat' dir='ltr'><strong>sensus,</strong></span> <span class='ocrx_word' id='word_1_110' title='bbox 241 727 272 757; x_wconf 88' lang='lat' dir='ltr'><strong>in</strong></span> <span class='ocrx_word' id='word_1_111' title='bbox 295 737 416 768; x_wconf 84' lang='lat' dir='ltr'><strong>corpore</strong></span> <span class='ocrx_word' id='word_1_112' title='bbox 437 729 505 759; x_wconf 82' lang='lat' dir='ltr'><strong>est?</strong></span> <span class='ocrx_word' id='word_1_113' title='bbox 529 727 631 757; x_wconf 87' lang='lat' dir='ltr'><strong>Nemo</strong></span> <span class='ocrx_word' id='word_1_114' title='bbox 646 725 678 755; x_wconf 92' lang='grc'><strong>1(1</strong></span> <span class='ocrx_word' id='word_1_115' title='bbox 693 726 817 766; x_wconf 89' lang='lat' dir='ltr'><strong>quidem</strong></span> <span class='ocrx_word' id='word_1_116' title='bbox 835 726 928 756; x_wconf 86' lang='lat' dir='ltr'><strong>dicit·</strong></span> <span class='ocrx_word' id='word_1_117' title='bbox 953 726 1009 756; x_wconf 88' lang='lat' dir='ltr'><strong>etsi</strong></span> 
     </span>
     <span class='ocr_line' id='line_1_16' title="bbox 117 769 1009 818; baseline 0.001 -19"><span class='ocrx_word' id='word_1_118' title='bbox 117 769 331 800; x_wconf 86' lang='lat' dir='ltr'><strong>Democritum</strong></span> <span class='ocrx_word' id='word_1_119' title='bbox 357 770 514 800; x_wconf 86' lang='lat' dir='ltr'><strong>insimulat</strong></span> <span class='ocrx_word' id='word_1_120' title='bbox 538 769 703 818; x_wconf 75' lang='lat' dir='ltr'><strong>EpicuruS‚</strong></span> <span class='ocrx_word' id='word_1_121' title='bbox 734 769 930 800; x_wconf 84' lang='lat' dir='ltr'><strong>Democritici</strong></span> <span class='ocrx_word' id='word_1_122' title='bbox 956 779 1009 800; x_wconf 90' lang='lat' dir='ltr'><strong>ne-</strong></span> 
     </span>
     <span class='ocr_line' id='line_1_17' title="bbox 115 812 1006 854; baseline 0 -12"><span class='ocrx_word' id='word_1_123' title='bbox 115 818 198 853; x_wconf 87' lang='lat' dir='ltr'><strong>gant.</strong></span> <span class='ocrx_word' id='word_1_124' title='bbox 238 813 288 843; x_wconf 89' lang='lat' dir='ltr'><strong>Ne</strong></span> <span class='ocrx_word' id='word_1_125' title='bbox 308 813 340 843; x_wconf 91' lang='lat' dir='ltr'><strong>in</strong></span> <span class='ocrx_word' id='word_1_126' title='bbox 360 813 463 843; x_wconf 87' lang='lat' dir='ltr'><strong>animo</strong></span> <span class='ocrx_word' id='word_1_127' title='bbox 479 813 604 854; x_wconf 88' lang='lat' dir='ltr'><strong>quidem</strong></span> <span class='ocrx_word' id='word_1_128' title='bbox 624 812 717 852; x_wconf 81' lang='lat' dir='ltr'><strong>igitur</strong></span> <span class='ocrx_word' id='word_1_129' title='bbox 732 822 836 842; x_wconf 87' lang='lat' dir='ltr'><strong>sensus</strong></span> <span class='ocrx_word' id='word_1_130' title='bbox 851 818 1006 843; x_wconf 83' lang='lat' dir='ltr'>remanet:</span> 
     </span>
     <span class='ocr_line' id='line_1_18' title="bbox 115 855 1010 897; baseline 0.001 -12"><span class='ocrx_word' id='word_1_131' title='bbox 115 855 180 896; x_wconf 88' lang='lat' dir='ltr'><strong>ipse</strong></span> <span class='ocrx_word' id='word_1_132' title='bbox 194 856 276 886; x_wconf 85' lang='lat' dir='ltr'><strong>enim</strong></span> <span class='ocrx_word' id='word_1_133' title='bbox 292 866 445 897; x_wconf 84' lang='lat' dir='ltr'><strong>nusquam</strong></span> <span class='ocrx_word' id='word_1_134' title='bbox 460 862 512 886; x_wconf 83' lang='lat' dir='ltr'><strong>est.</strong></span> <span class='ocrx_word' id='word_1_135' title='bbox 537 855 600 886; x_wconf 89' lang='lat' dir='ltr'><strong>Ubi</strong></span> <span class='ocrx_word' id='word_1_136' title='bbox 615 855 708 896; x_wconf 82' lang='lat' dir='ltr'><strong>igitur</strong></span> <span class='ocrx_word' id='word_1_137' title='bbox 723 856 839 885; x_wconf 87' lang='lat' dir='ltr'><strong>malum</strong></span> <span class='ocrx_word' id='word_1_138' title='bbox 852 857 919 886; x_wconf 76' lang='lat' dir='ltr'><strong>est?</strong></span> <span class='ocrx_word' id='word_1_139' title='bbox 933 866 1010 896; x_wconf 90' lang='lat' dir='ltr'><strong>quo-</strong></span> 
     </span>
     <span class='ocr_line' id='line_1_19' title="bbox 116 898 1011 939; baseline 0.001 -11"><span class='ocrx_word' id='word_1_140' title='bbox 116 899 199 929; x_wconf 87' lang='lat' dir='ltr'><strong>niam</strong></span> <span class='ocrx_word' id='word_1_141' title='bbox 215 899 292 929; x_wconf 83' lang='lat' dir='ltr'><strong>nihil</strong></span> <span class='ocrx_word' id='word_1_142' title='bbox 307 900 432 929; x_wconf 84' lang='lat' dir='ltr'><strong>tertium</strong></span> <span class='ocrx_word' id='word_1_143' title='bbox 448 905 510 929; x_wconf 84' lang='lat' dir='ltr'><strong>est:</strong></span> <span class='ocrx_word' id='word_1_144' title='bbox 535 908 586 936; x_wconf 75' lang='lat' dir='ltr'><strong>an,</strong></span> <span class='ocrx_word' id='word_1_145' title='bbox 603 898 749 939; x_wconf 90' lang='lat' dir='ltr'><strong>quoniam</strong></span> <span class='ocrx_word' id='word_1_146' title='bbox 764 899 828 939; x_wconf 88' lang='lat' dir='ltr'><strong>ipse</strong></span> <span class='ocrx_word' id='word_1_147' title='bbox 842 899 937 928; x_wconf 89' lang='lat' dir='ltr'><strong>animi</strong></span> <span class='ocrx_word' id='word_1_148' title='bbox 948 899 1011 929; x_wconf 89' lang='lat' dir='ltr'><strong>dis-</strong></span> 
     </span>
     <span class='ocr_line' id='line_1_20' title="bbox 116 941 1009 983; baseline -0.001 -11"><span class='ocrx_word' id='word_1_149' title='bbox 116 952 215 972; x_wconf 85' lang='lat' dir='ltr'>cessus</span> <span class='ocrx_word' id='word_1_150' title='bbox 236 953 254 972; x_wconf 86' lang='lat' dir='ltr'><strong>a</strong></span> <span class='ocrx_word' id='word_1_151' title='bbox 269 953 390 983; x_wconf 84' lang='lat' dir='ltr'><strong>corpore</strong></span> <span class='ocrx_word' id='word_1_152' title='bbox 405 952 466 972; x_wconf 89' lang='lat' dir='ltr'><strong>non</strong></span> <span class='ocrx_word' id='word_1_153' title='bbox 482 942 516 972; x_wconf 86' lang='lat' dir='ltr'><strong>fit</strong></span> <span class='ocrx_word' id='word_1_154' title='bbox 531 942 594 972; x_wconf 88' lang='lat' dir='ltr'><strong>sine</strong></span> <span class='ocrx_word' id='word_1_155' title='bbox 609 941 736 972; x_wconf 76' lang='lat' dir='ltr'><strong>dolore?</strong></span> <span class='ocrx_word' id='word_1_156' title='bbox 773 942 816 971; x_wconf 89' lang='lat' dir='ltr'><strong>Ut</strong></span> <span class='ocrx_word' id='word_1_157' title='bbox 831 941 951 972; x_wconf 82' lang='lat' dir='ltr'><strong>credam</strong></span> <span class='ocrx_word' id='word_1_158' title='bbox 966 942 1009 972; x_wconf 86' lang='lat' dir='ltr'><strong>ita</strong></span> 
     </span>
     <span class='ocr_line' id='line_1_21' title="bbox 117 984 1007 1026; baseline 0 -11"><span class='ocrx_word' id='word_1_159' title='bbox 117 996 190 1023; x_wconf 77' lang='lat' dir='ltr'><strong>esse,</strong></span> <span class='ocrx_word' id='word_1_160' title='bbox 204 996 297 1026; x_wconf 89' lang='lat' dir='ltr'><strong>quam</strong></span> <span class='ocrx_word' id='word_1_161' title='bbox 313 991 357 1016; x_wconf 87' lang='lat' dir='ltr'><strong>est</strong></span> <span class='ocrx_word' id='word_1_162' title='bbox 371 985 403 1015; x_wconf 87' lang='lat' dir='ltr'><strong>id</strong></span> <span class='ocrx_word' id='word_1_163' title='bbox 418 986 564 1026; x_wconf 79' lang='lat' dir='ltr'><strong>exiguum</strong></span> <span class='ocrx_word' id='word_1_164' title='bbox 578 985 585 1015; x_wconf 90' lang='lat'><strong>!</strong></span> <span class='ocrx_word' id='word_1_165' title='bbox 611 991 640 1015; x_wconf 90' lang='lat' dir='ltr'><strong>et</strong></span> <span class='ocrx_word' id='word_1_166' title='bbox 654 984 767 1014; x_wconf 85' lang='lat' dir='ltr'><strong>falsum</strong></span> <span class='ocrx_word' id='word_1_167' title='bbox 783 995 845 1014; x_wconf 87' lang='lat' dir='ltr'><strong>esse</strong></span> <span class='ocrx_word' id='word_1_168' title='bbox 860 985 1007 1015; x_wconf 83' lang='lat' dir='ltr'><strong>arbitror:</strong></span> 
     </span>
     <span class='ocr_line' id='line_1_22' title="bbox 117 1028 1009 1070; baseline 0 -13"><span class='ocrx_word' id='word_1_169' title='bbox 117 1033 147 1058; x_wconf 90' lang='lat' dir='ltr'><strong>et</strong></span> <span class='ocrx_word' id='word_1_170' title='bbox 159 1028 193 1058; x_wconf 84' lang='lat' dir='ltr'><strong>fit</strong></span> <span class='ocrx_word' id='word_1_171' title='bbox 204 1029 384 1070; x_wconf 85' lang='lat' dir='ltr'><strong>plerumque</strong></span> <span class='ocrx_word' id='word_1_172' title='bbox 396 1029 458 1059; x_wconf 79' lang='lat' dir='ltr'><strong>sine</strong></span> <span class='ocrx_word' id='word_1_173' title='bbox 470 1039 558 1059; x_wconf 88' lang='lat' dir='ltr'><strong>sensu</strong></span> <span class='ocrx_word' id='word_1_174' title='bbox 570 1039 579 1064; x_wconf 89' lang='lat'>;</span> <span class='ocrx_word' id='word_1_175' title='bbox 597 1037 819 1068; x_wconf 86' lang='lat' dir='ltr'><strong>nonnunquam</strong></span> <span class='ocrx_word' id='word_1_176' title='bbox 834 1028 925 1058; x_wconf 86' lang='lat' dir='ltr'><strong>etiam</strong></span> <span class='ocrx_word' id='word_1_177' title='bbox 938 1038 1009 1058; x_wconf 88' lang='lat' dir='ltr'><strong>cum</strong></span> 
     </span>
     <span class='ocr_line' id='line_1_23' title="bbox 118 1071 1008 1112; baseline 0.001 -12"><span class='ocrx_word' id='word_1_178' title='bbox 118 1071 292 1111; x_wconf 84' lang='lat' dir='ltr'><strong>voluptate:</strong></span> <span class='ocrx_word' id='word_1_179' title='bbox 317 1078 477 1112; x_wconf 64' lang='lat' dir='ltr'><strong>totumque</strong></span> <span class='ocrx_word' id='word_1_180' title='bbox 492 1071 549 1102; x_wconf 92' lang='lat' dir='ltr'><strong>hoc</strong></span> <span class='ocrx_word' id='word_1_181' title='bbox 563 1071 629 1101; x_wconf 73' lang='lat' dir='ltr'><strong>]eve</strong></span> <span class='ocrx_word' id='word_1_182' title='bbox 644 1076 699 1108; x_wconf 80' lang='lat' dir='ltr'><strong>est,</strong></span> <span class='ocrx_word' id='word_1_183' title='bbox 716 1071 939 1112; x_wconf 85' lang='lat' dir='ltr'>qualecumque</span> <span class='ocrx_word' id='word_1_184' title='bbox 954 1077 1008 1102; x_wconf 85' lang='lat' dir='ltr'><strong>est.</strong></span> 
     </span>
     <span class='ocr_line' id='line_1_24' title="bbox 118 1113 652 1156; baseline -0.002 -12"><span class='ocrx_word' id='word_1_185' title='bbox 118 1113 170 1144; x_wconf 88' lang='lat' dir='ltr'><strong>Fit</strong></span> <span class='ocrx_word' id='word_1_186' title='bbox 185 1115 266 1144; x_wconf 87' lang='lat' dir='ltr'><strong>enim</strong></span> <span class='ocrx_word' id='word_1_187' title='bbox 281 1115 320 1144; x_wconf 90' lang='lat' dir='ltr'><strong>ad</strong></span> <span class='ocrx_word' id='word_1_188' title='bbox 334 1121 484 1156; x_wconf 85' lang='lat' dir='ltr'><strong>punctum</strong></span> <span class='ocrx_word' id='word_1_189' title='bbox 499 1114 652 1155; x_wconf 84' lang='lat' dir='ltr'><strong>temporis.</strong></span> 
     </span>
    </p>

    <p class='ocr_par' dir='ltr' id='par_1_4' title="bbox 118 1156 1014 1800">
     <span class='ocr_line' id='line_1_25' title="bbox 161 1156 1009 1198; baseline 0.001 -11"><span class='ocrx_word' id='word_1_190' title='bbox 161 1157 306 1188; x_wconf 77' lang='lat' dir='ltr'><strong>Auditor.</strong></span> <span class='ocrx_word' id='word_1_191' title='bbox 325 1158 409 1188; x_wconf 82' lang='lat' dir='ltr'><strong>Illud</strong></span> <span class='ocrx_word' id='word_1_192' title='bbox 424 1158 520 1198; x_wconf 79' lang='lat' dir='ltr'><strong>angit,</strong></span> <span class='ocrx_word' id='word_1_193' title='bbox 537 1158 585 1188; x_wconf 87' lang='lat' dir='ltr'><strong>vel</strong></span> <span class='ocrx_word' id='word_1_194' title='bbox 606 1157 706 1198; x_wconf 86' lang='lat' dir='ltr'><strong>potius</strong></span> <span class='ocrx_word' id='word_1_195' title='bbox 721 1156 883 1193; x_wconf 66' lang='lat' dir='ltr'><strong>excruciat,</strong></span> <span class='ocrx_word' id='word_1_196' title='bbox 901 1157 1009 1188; x_wconf 83' lang='grc'><strong>(115005-</strong></span> 
     </span>
     <span class='ocr_line' id='line_1_26' title="bbox 118 1200 1008 1242; baseline 0.001 -13"><span class='ocrx_word' id='word_1_197' title='bbox 118 1210 169 1230; x_wconf 88' lang='lat' dir='ltr'><strong>sus</strong></span> <span class='ocrx_word' id='word_1_198' title='bbox 184 1202 222 1231; x_wconf 87' lang='lat' dir='ltr'><strong>ab</strong></span> <span class='ocrx_word' id='word_1_199' title='bbox 238 1201 378 1232; x_wconf 86' lang='lat' dir='ltr'><strong>omnibus</strong></span> <span class='ocrx_word' id='word_1_200' title='bbox 394 1201 430 1231; x_wconf 88' lang='lat' dir='ltr'><strong>iis</strong></span> <span class='ocrx_word' id='word_1_201' title='bbox 445 1211 514 1242; x_wconf 88' lang='lat' dir='ltr'><strong>quae</strong></span> <span class='ocrx_word' id='word_1_202' title='bbox 529 1207 600 1231; x_wconf 82' lang='lat' dir='ltr'><strong>sunt</strong></span> <span class='ocrx_word' id='word_1_203' title='bbox 615 1202 694 1231; x_wconf 88' lang='lat' dir='ltr'><strong>bona</strong></span> <span class='ocrx_word' id='word_1_204' title='bbox 709 1200 741 1230; x_wconf 90' lang='lat' dir='ltr'><strong>in</strong></span> <span class='ocrx_word' id='word_1_205' title='bbox 759 1200 831 1231; x_wconf 54' lang='lat' dir='ltr'><strong>vita.</strong></span> <span class='ocrx_word' id='word_1_206' title='bbox 864 1201 1008 1230; x_wconf 53' lang='grc' dir='ltr'><strong>Αἶαν-οης.</strong></span> 
     </span>
     <span class='ocr_line' id='line_1_27' title="bbox 119 1243 1012 1284; baseline 0.001 -11"><span class='ocrx_word' id='word_1_207' title='bbox 119 1243 211 1281; x_wconf 81' lang='lat' dir='ltr'><strong>Vide,</strong></span> <span class='ocrx_word' id='word_1_208' title='bbox 235 1254 273 1274; x_wconf 92' lang='lat' dir='ltr'><strong>ne</strong></span> <span class='ocrx_word' id='word_1_209' title='bbox 287 1255 306 1274; x_wconf 86' lang='lat' dir='ltr'><strong>a</strong></span> <span class='ocrx_word' id='word_1_210' title='bbox 323 1244 411 1274; x_wconf 84' lang='lat' dir='ltr'><strong>malis</strong></span> <span class='ocrx_word' id='word_1_211' title='bbox 426 1244 485 1274; x_wconf 86' lang='lat' dir='ltr'><strong>dici</strong></span> <span class='ocrx_word' id='word_1_212' title='bbox 500 1244 598 1274; x_wconf 84' lang='lat' dir='ltr'><strong>verius</strong></span> <span class='ocrx_word' id='word_1_213' title='bbox 613 1243 714 1284; x_wconf 86' lang='lat' dir='ltr'><strong>possit.</strong></span> <span class='ocrx_word' id='word_1_214' title='bbox 749 1243 836 1281; x_wconf 89' lang='lat' dir='ltr'><strong>Quid</strong></span> <span class='ocrx_word' id='word_1_215' title='bbox 859 1254 913 1284; x_wconf 88' lang='lat' dir='ltr'><strong>ego</strong></span> <span class='ocrx_word' id='word_1_216' title='bbox 929 1254 1012 1275; x_wconf 88' lang='lat' dir='ltr'><strong>nunc</strong></span> 
     </span>
     <span class='ocr_line' id='line_1_28' title="bbox 119 1286 1012 1327; baseline 0.001 -11"><span class='ocrx_word' id='word_1_217' title='bbox 119 1286 242 1326; x_wconf 86' lang='lat' dir='ltr'>lugeam</span> <span class='ocrx_word' id='word_1_218' title='bbox 258 1287 351 1317; x_wconf 83' lang='lat' dir='ltr'><strong>vitam</strong></span> <span class='ocrx_word' id='word_1_219' title='bbox 364 1287 550 1318; x_wconf 84' lang='lat' dir='ltr'><strong>hominum?</strong></span> <span class='ocrx_word' id='word_1_220' title='bbox 575 1287 656 1318; x_wconf 85' lang='lat' dir='ltr'><strong>Vere</strong></span> <span class='ocrx_word' id='word_1_221' title='bbox 671 1292 701 1317; x_wconf 82' lang='lat' dir='ltr'><strong>et</strong></span> <span class='ocrx_word' id='word_1_222' title='bbox 712 1287 782 1326; x_wconf 82' lang='lat' dir='ltr'><strong>jure</strong></span> <span class='ocrx_word' id='word_1_223' title='bbox 797 1297 941 1327; x_wconf 86' lang='lat' dir='ltr'><strong>possum:</strong></span> <span class='ocrx_word' id='word_1_224' title='bbox 960 1287 1012 1317; x_wconf 85' lang='lat' dir='ltr'><strong>sed</strong></span> 
     </span>
     <span class='ocr_line' id='line_1_29' title="bbox 119 1329 1013 1370; baseline 0.001 -11"><span class='ocrx_word' id='word_1_225' title='bbox 119 1329 195 1369; x_wconf 89' lang='lat' dir='ltr'><strong>quid</strong></span> <span class='ocrx_word' id='word_1_226' title='bbox 210 1340 327 1360; x_wconf 85' lang='lat' dir='ltr'><strong>necesse</strong></span> <span class='ocrx_word' id='word_1_227' title='bbox 343 1337 397 1368; x_wconf 72' lang='grc'><strong>051,</strong></span> <span class='ocrx_word' id='word_1_228' title='bbox 413 1341 483 1361; x_wconf 80' lang='lat' dir='ltr'><strong>eum</strong></span> <span class='ocrx_word' id='word_1_229' title='bbox 500 1330 532 1360; x_wconf 86' lang='lat' dir='ltr'><strong>id</strong></span> <span class='ocrx_word' id='word_1_230' title='bbox 552 1340 653 1370; x_wconf 82' lang='lat' dir='ltr'><strong>agam,</strong></span> <span class='ocrx_word' id='word_1_231' title='bbox 673 1340 711 1360; x_wconf 88' lang='lat' dir='ltr'><strong>ne</strong></span> <span class='ocrx_word' id='word_1_232' title='bbox 725 1335 794 1370; x_wconf 83' lang='lat' dir='ltr'><strong>post</strong></span> <span class='ocrx_word' id='word_1_233' title='bbox 808 1336 938 1360; x_wconf 88' lang='lat' dir='ltr'><strong>mortem</strong></span> <span class='ocrx_word' id='word_1_234' title='bbox 953 1330 1013 1360; x_wconf 87' lang='lat' dir='ltr'><strong>mi-</strong></span> 
     </span>
     <span class='ocr_line' id='line_1_30' title="bbox 120 1372 1012 1414; baseline 0.001 -12"><span class='ocrx_word' id='word_1_235' title='bbox 120 1382 199 1402; x_wconf 88' lang='lat' dir='ltr'><strong>seros</strong></span> <span class='ocrx_word' id='word_1_236' title='bbox 219 1383 274 1403; x_wconf 91' lang='lat' dir='ltr'><strong>nos</strong></span> <span class='ocrx_word' id='word_1_237' title='bbox 294 1380 437 1414; x_wconf 84' lang='lat' dir='ltr'><strong>putemus</strong></span> <span class='ocrx_word' id='word_1_238' title='bbox 459 1373 533 1411; x_wconf 88' lang='lat' dir='ltr'><strong>fore,</strong></span> <span class='ocrx_word' id='word_1_239' title='bbox 555 1373 647 1403; x_wconf 86' lang='lat' dir='ltr'><strong>etiam</strong></span> <span class='ocrx_word' id='word_1_240' title='bbox 667 1373 762 1404; x_wconf 83' lang='lat' dir='ltr'><strong>vitam</strong></span> <span class='ocrx_word' id='word_1_241' title='bbox 777 1372 892 1403; x_wconf 81' lang='lat' dir='ltr'><strong>efficere</strong></span> <span class='ocrx_word' id='word_1_242' title='bbox 907 1373 1012 1414; x_wconf 86' lang='lat' dir='ltr'><strong>deplo-</strong></span> 
     </span>
     <span class='ocr_line' id='line_1_31' title="bbox 119 1415 1012 1457; baseline 0.003 -13"><span class='ocrx_word' id='word_1_243' title='bbox 119 1415 215 1445; x_wconf 89' lang='lat' dir='ltr'><strong>rando</strong></span> <span class='ocrx_word' id='word_1_244' title='bbox 230 1416 414 1447; x_wconf 87' lang='lat' dir='ltr'><strong>miseriorem</strong></span> <span class='ocrx_word' id='word_1_245' title='bbox 426 1418 440 1447; x_wconf 76' lang='grc' dir='ltr'><em>Ρ</em></span> <span class='ocrx_word' id='word_1_246' title='bbox 464 1416 605 1447; x_wconf 87' lang='lat' dir='ltr'><strong>Fecimus</strong></span> <span class='ocrx_word' id='word_1_247' title='bbox 623 1417 680 1447; x_wconf 93' lang='lat' dir='ltr'><strong>hoc</strong></span> <span class='ocrx_word' id='word_1_248' title='bbox 699 1416 731 1446; x_wconf 91' lang='lat' dir='ltr'><strong>in</strong></span> <span class='ocrx_word' id='word_1_249' title='bbox 747 1426 781 1446; x_wconf 92' lang='lat' dir='ltr'><strong>eo</strong></span> <span class='ocrx_word' id='word_1_250' title='bbox 796 1416 885 1453; x_wconf 82' lang='lat' dir='ltr'><strong>libro,</strong></span> <span class='ocrx_word' id='word_1_251' title='bbox 901 1416 934 1446; x_wconf 88' lang='lat' dir='ltr'><strong>in</strong></span> <span class='ocrx_word' id='word_1_252' title='bbox 950 1427 1012 1457; x_wconf 92' lang='lat' dir='ltr'><strong>quo</strong></span> 
     </span>
     <span class='ocr_line' id='line_1_32' title="bbox 120 1459 1010 1501; baseline 0.002 -14"><span class='ocrx_word' id='word_1_253' title='bbox 120 1459 329 1499; x_wconf 81' lang='lat' dir='ltr'><strong>nosmetipsos,</strong></span> <span class='ocrx_word' id='word_1_254' title='bbox 358 1465 509 1501; x_wconf 87' lang='lat' dir='ltr'><strong>quantum</strong></span> <span class='ocrx_word' id='word_1_255' title='bbox 535 1461 702 1501; x_wconf 82' lang='lat' dir='ltr'><strong>potuimus,</strong></span> <span class='ocrx_word' id='word_1_256' title='bbox 727 1459 871 1489; x_wconf 77' lang='lat' dir='ltr'><strong>consolati</strong></span> <span class='ocrx_word' id='word_1_257' title='bbox 895 1469 1010 1489; x_wconf 86' lang='lat' dir='ltr'><strong>sumus.</strong></span> 
     </span>
     <span class='ocr_line' id='line_1_33' title="bbox 120 1502 1013 1543; baseline 0.002 -13"><span class='ocrx_word' id='word_1_258' title='bbox 120 1502 154 1530; x_wconf 85' lang='lat' dir='ltr'><strong>A</strong></span> <span class='ocrx_word' id='word_1_259' title='bbox 169 1502 257 1532; x_wconf 85' lang='lat' dir='ltr'><strong>malis</strong></span> <span class='ocrx_word' id='word_1_260' title='bbox 271 1502 365 1543; x_wconf 83' lang='lat' dir='ltr'><strong>igitur</strong></span> <span class='ocrx_word' id='word_1_261' title='bbox 378 1513 460 1534; x_wconf 85' lang='lat' dir='ltr'><strong>mors</strong></span> <span class='ocrx_word' id='word_1_262' title='bbox 480 1503 614 1541; x_wconf 80' lang='lat' dir='ltr'><strong>abducit,</strong></span> <span class='ocrx_word' id='word_1_263' title='bbox 636 1513 697 1533; x_wconf 88' lang='lat' dir='ltr'><strong>non</strong></span> <span class='ocrx_word' id='word_1_264' title='bbox 713 1513 731 1532; x_wconf 89' lang='lat' dir='ltr'><strong>a</strong></span> <span class='ocrx_word' id='word_1_265' title='bbox 750 1502 848 1541; x_wconf 85' lang='lat' dir='ltr'><strong>bonis,</strong></span> <span class='ocrx_word' id='word_1_266' title='bbox 865 1513 971 1532; x_wconf 76' lang='lat' dir='ltr'><strong>verum</strong></span> <span class='ocrx_word' id='word_1_267' title='bbox 988 1502 1013 1532; x_wconf 92' lang='lat' dir='ltr'><strong>si</strong></span> 
     </span>
     <span class='ocr_line' id='line_1_34' title="bbox 122 1545 1012 1588; baseline 0.003 -15"><span class='ocrx_word' id='word_1_268' title='bbox 122 1545 296 1585; x_wconf 70' lang='lat' dir='ltr'><strong>quaerimus.</strong></span> <span class='ocrx_word' id='word_1_269' title='bbox 330 1546 399 1577; x_wconf 89' lang='lat' dir='ltr'><strong>Hoc</strong></span> <span class='ocrx_word' id='word_1_270' title='bbox 415 1546 539 1588; x_wconf 88' lang='lat' dir='ltr'><strong>quidem</strong></span> <span class='ocrx_word' id='word_1_271' title='bbox 551 1557 569 1577; x_wconf 86' lang='lat' dir='ltr'><strong>a</strong></span> <span class='ocrx_word' id='word_1_272' title='bbox 581 1547 748 1588; x_wconf 62' lang='lat' dir='ltr'><strong>Cyrenaico</strong></span> <span class='ocrx_word' id='word_1_273' title='bbox 764 1545 898 1586; x_wconf 79' lang='lat' dir='ltr'><strong>Hegesia</strong></span> <span class='ocrx_word' id='word_1_274' title='bbox 910 1546 951 1576; x_wconf 87' lang='grc'><strong>510</strong></span> <span class='ocrx_word' id='word_1_275' title='bbox 963 1556 1012 1576; x_wconf 87' lang='grc'><strong>00-</strong></span> 
     </span>
     <span class='ocr_line' id='line_1_35' title="bbox 121 1570 1013 1638; baseline 0.002 -22"><span class='ocrx_word' id='word_1_276' title='bbox 121 1587 204 1628; x_wconf 83' lang='grc' dir='ltr'><strong>Ρ1050</strong></span> <span class='ocrx_word' id='word_1_277' title='bbox 224 1587 406 1638; x_wconf 55' lang='lat' dir='ltr'><strong>disputatur?</strong></span> <span class='ocrx_word' id='word_1_278' title='bbox 426 1595 462 1619; x_wconf 91' lang='lat' dir='ltr'><strong>ut</strong></span> <span class='ocrx_word' id='word_1_279' title='bbox 481 1590 506 1620; x_wconf 92' lang='lat' dir='ltr'><strong>is</strong></span> <span class='ocrx_word' id='word_1_280' title='bbox 527 1600 545 1619; x_wconf 83' lang='lat' dir='ltr'><strong>a</strong></span> <span class='ocrx_word' id='word_1_281' title='bbox 565 1600 634 1630; x_wconf 85' lang='lat' dir='ltr'><strong>rege</strong></span> <span class='ocrx_word' id='word_1_282' title='bbox 656 1570 835 1620; x_wconf 66' lang='lat' dir='ltr'><strong>Ptolemae0⁰</strong></span> <span class='ocrx_word' id='word_1_283' title='bbox 842 1588 1013 1629; x_wconf 87' lang='lat' dir='ltr'><strong>prohibitus</strong></span> 
     </span>
     <span class='ocr_line' id='line_1_36' title="bbox 121 1630 1014 1681; baseline 0.001 -21"><span class='ocrx_word' id='word_1_284' title='bbox 121 1640 184 1660; x_wconf 88' lang='lat' dir='ltr'><strong>esse</strong></span> <span class='ocrx_word' id='word_1_285' title='bbox 199 1630 316 1661; x_wconf 85' lang='lat' dir='ltr'><strong>dicatur</strong></span> <span class='ocrx_word' id='word_1_286' title='bbox 326 1632 401 1662; x_wconf 84' lang='lat' dir='ltr'><strong>illa</strong></span> <span class='ocrx_word' id='word_1_287' title='bbox 393 1642 425 1662; x_wconf 90' lang='lat' dir='ltr'><strong>m</strong></span> <span class='ocrx_word' id='word_1_288' title='bbox 440 1632 548 1663; x_wconf 85' lang='lat' dir='ltr'><strong>scholis</strong></span> <span class='ocrx_word' id='word_1_289' title='bbox 563 1633 671 1681; x_wconf 73' lang='lat' dir='ltr'><strong>dicere,</strong></span> <span class='ocrx_word' id='word_1_290' title='bbox 687 1631 770 1674; x_wconf 85' lang='lat' dir='ltr'><strong>quod</strong></span> <span class='ocrx_word' id='word_1_291' title='bbox 784 1631 887 1669; x_wconf 80' lang='lat' dir='ltr'><strong>multi,</strong></span> <span class='ocrx_word' id='word_1_292' title='bbox 900 1631 947 1662; x_wconf 84' lang='lat' dir='ltr'><strong>his</strong></span> <span class='ocrx_word' id='word_1_293' title='bbox 959 1642 1014 1661; x_wconf 89' lang='lat' dir='ltr'><strong>au-</strong></span> 
     </span>
     <span class='ocr_line' id='line_1_37' title="bbox 121 1673 1014 1716; baseline 0.001 -13"><span class='ocrx_word' id='word_1_294' title='bbox 121 1673 202 1711; x_wconf 88' lang='lat' dir='ltr'><strong>ditis,</strong></span> <span class='ocrx_word' id='word_1_295' title='bbox 215 1680 345 1704; x_wconf 88' lang='lat' dir='ltr'><strong>mortem</strong></span> <span class='ocrx_word' id='word_1_296' title='bbox 360 1675 438 1705; x_wconf 84' lang='lat' dir='ltr'><strong>sibi·</strong></span> <span class='ocrx_word' id='word_1_297' title='bbox 431 1676 488 1716; x_wconf 83' lang='lat' dir='ltr'><strong>ipsi</strong></span> <span class='ocrx_word' id='word_1_298' title='bbox 503 1676 724 1706; x_wconf 84' lang='lat' dir='ltr'><strong>consciscerent.</strong></span> <span class='ocrx_word' id='word_1_299' title='bbox 749 1674 930 1705; x_wconf 78' lang='lat' dir='ltr'><strong>Callimachi</strong></span> <span class='ocrx_word' id='word_1_300' title='bbox 945 1675 1014 1715; x_wconf 87' lang='lat' dir='ltr'><strong>qui-</strong></span> 
     </span>
     <span class='ocr_line' id='line_1_38' title="bbox 121 1716 1012 1758; baseline 0.001 -12"><span class='ocrx_word' id='word_1_301' title='bbox 121 1716 192 1746; x_wconf 87' lang='lat' dir='ltr'><strong>dem</strong></span> <span class='ocrx_word' id='word_1_302' title='bbox 207 1717 396 1758; x_wconf 84' lang='lat' dir='ltr'><strong>epigramma</strong></span> <span class='ocrx_word' id='word_1_303' title='bbox 414 1718 446 1748; x_wconf 91' lang='lat' dir='ltr'><strong>in</strong></span> <span class='ocrx_word' id='word_1_304' title='bbox 461 1719 694 1749; x_wconf 85' lang='lat' dir='ltr'><strong>Ambraciotam</strong></span> <span class='ocrx_word' id='word_1_305' title='bbox 710 1719 940 1749; x_wconf 74' lang='lat' dir='ltr'><strong>Cleombrotum</strong></span> <span class='ocrx_word' id='word_1_306' title='bbox 956 1723 1012 1755; x_wconf 80' lang='lat' dir='ltr'><strong>est,</strong></span> 
     </span>
     <span class='ocr_line' id='line_1_39' title="bbox 122 1761 1014 1800; baseline 0.001 -10"><span class='ocrx_word' id='word_1_307' title='bbox 122 1769 215 1800; x_wconf 86' lang='lat' dir='ltr'><strong>quem</strong></span> <span class='ocrx_word' id='word_1_308' title='bbox 236 1761 289 1800; x_wconf 73' lang='lat' dir='ltr'><strong>ait,</strong></span> <span class='ocrx_word' id='word_1_309' title='bbox 311 1771 381 1792; x_wconf 85' lang='grc'><strong>011111</strong></span> <span class='ocrx_word' id='word_1_310' title='bbox 398 1761 474 1792; x_wconf 88' lang='lat' dir='ltr'><strong>nihil</strong></span> <span class='ocrx_word' id='word_1_311' title='bbox 489 1762 517 1793; x_wconf 90' lang='lat' dir='ltr'><strong>ei</strong></span> <span class='ocrx_word' id='word_1_312' title='bbox 532 1762 685 1794; x_wconf 80' lang='lat' dir='ltr'><strong>accidisset</strong></span> <span class='ocrx_word' id='word_1_313' title='bbox 699 1761 827 1799; x_wconf 83' lang='lat' dir='ltr'><strong>adversi,</strong></span> <span class='ocrx_word' id='word_1_314' title='bbox 843 1771 860 1792; x_wconf 86' lang='lat' dir='ltr'><strong>e</strong></span> <span class='ocrx_word' id='word_1_315' title='bbox 874 1771 964 1792; x_wconf 87' lang='lat' dir='ltr'><strong>muro</strong></span> <span class='ocrx_word' id='word_1_316' title='bbox 982 1771 1014 1791; x_wconf 87' lang='lat' dir='ltr'><strong>se</strong></span> 
     </span>
    </p>

    <p class='ocr_par' dir='ltr' id='par_1_5' title="bbox 686 1805 755 1835">
     <span class='ocr_line' id='line_1_40' title="bbox 686 1805 755 1835; baseline 0 0"><span class='ocrx_word' id='word_1_317' title='bbox 686 1814 710 1835; x_wconf 71' lang='lat' dir='ltr'>x</span> <span class='ocrx_word' id='word_1_318' title='bbox 735 1805 755 1835; x_wconf 90' lang='lat'><strong>3</strong></span> 
     </span>
    </p>
   </div>
  </div>
 </body>
</html>
