1180 1935
149 102 213 134 366
260 101 322 133 DE
345 101 453 133 NAT.
469 101 607 135 DEOR.
624 100 703 133 Lm.
720 102 767 133 11.
783 101 867 134 cip.
879 104 932 134 31.

159 188 237 229 regit
259 188 324 230 ipse
345 194 505 220 naturam:
530 189 653 226 etenim,
674 189 700 219 si
719 189 922 227 concedimus,
937 188 1052 219 intelli-

161 237 266 272 gentes
285 242 347 262 esse
367 232 460 270 Deos,
479 232 671 262 concedimus
688 232 779 262 etiam
799 232 1000 273 providentes,
1021 238 1052 262 et

164 284 265 304 rerum
280 275 403 315 quidem
421 274 636 305 maximarum.
668 275 763 315 Ergo,
780 281 883 305 utrum
899 275 1050 315 ignorant,

166 327 235 357 quae
262 327 308 347 res
323 317 466 348 maximae
484 317 554 355 sint,
571 328 693 358 quoque
711 318 759 348 hae
780 318 871 348 modo
891 318 1055 348 tractandae

165 365 195 389 et
210 360 345 396 tuendam
370 370 407 390 an
423 360 485 390 vim
502 370 561 390 non
577 361 700 397 habent,
714 361 776 401 quit
791 367 889 391 tantas
903 371 949 390 res
965 360 1053 390 susti-

166 408 258 432 neant
272 409 301 433 et
315 410 421 443 gerant
434 405 448 433 ?
471 403 518 432 At
533 409 562 433 et
576 403 723 443 ignoratio
735 414 835 433 rerum
852 404 950 433 aliena
964 409 1053 433 natu-

166 455 207 474 rae
220 445 356 475 Deorum
372 452 435 481 est;
460 451 490 476 et
500 446 667 476 sustinendi
677 446 811 476 muneris
826 452 947 487 propter
958 446 1055 476 imbe-

167 487 322 519 cillitatem
333 489 493 518 difficultas
502 489 628 519 minime
640 489 719 519 cadit
728 489 758 518 in
772 490 959 528 majestatem
972 489 1055 519 Deo-

167 541 245 560 rum.
280 531 331 561 Ex
347 542 407 572 quo
427 531 554 561 efficitur
573 532 615 569 id,
637 532 719 572 quod
742 532 894 570 volumus,
917 532 1055 562 Deorum

166 574 356 614 providenti&
371 574 523 604 mundum
538 573 750 605 administrari.

211 617 339 647 XXXI.
363 617 464 657 Atqui
479 627 595 647 necesse
610 623 663 654 est,
681 628 751 647 cum
767 616 826 648 sint
841 617 895 647 Dii
911 617 949 651 (si
965 617 1056 647 modo

167 659 239 697 sint,
264 665 298 689 ut
319 659 452 700 profecto
473 666 568 697 sunt),
593 660 761 690 animantes
783 670 855 698 esse,
881 670 935 690 nec
959 661 1057 690 solum

169 702 348 738 animantes,
365 702 416 732 sed
437 702 527 733 etiam
548 703 670 733 rationis
690 709 853 743 compoteS,
869 703 946 734 inter
967 714 1058 743 seque

169 745 255 784 quasi
265 745 345 775 civili
358 745 562 775 conciliatione
574 754 603 776 et
615 746 753 776 societate
765 747 949 785 conjunctos,
960 756 1059 776 unum

171 787 334 825 mundum,
352 794 386 817 ut
402 798 595 818 communem
611 789 830 829 rempublicam
845 795 935 830 atque
950 790 1057 819 urbem

169 830 316 870 aliquam,
330 836 473 871 regentes.
497 831 651 871 Sequitur,
665 838 700 861 ut
711 832 815 862 eadem
827 832 865 861 sit
874 833 905 862 in
918 832 975 867 his,
989 843 1058 872 quae

169 872 200 902 in
213 883 320 913 genere
335 874 481 910 humano,
495 874 582 911 ratio,
594 874 698 904 eadem
709 875 816 905 veritas
831 875 991 915 utrobique
1007 875 1056 911 sit,

169 916 336 956 eademque
350 917 399 946 lex
411 927 421 952 ς
445 927 513 957 quae
525 923 569 947 est
584 918 656 947 recti
666 918 836 958 praeceptio,
849 918 994 958 pravique
1006 918 1058 947 de-

170 958 278 998 pulsio.
310 959 361 989 Ex
377 969 438 999 quo
458 959 647 1000 intelligitur,
668 960 860 1001 prudentiam
885 971 1006 1001 quoque
1029 966 1059 990 et

169 1007 304 1031 mentem
327 1013 345 1032 a
362 1002 432 1032 Diis
451 1002 490 1034 ad
510 1002 646 1033 homines
666 1003 852 1043 pervenisse:
873 1005 912 1034 ob
931 1013 1060 1044 eamque

169 1054 303 1081 causam,
320 1046 470 1083 majorum
485 1045 641 1082 institutis,
654 1056 751 1083 mens,
765 1046 849 1084 fides,
867 1047 971 1084 virtus,
988 1056 1060 1076 con-

170 1087 282 1125 cordia,
304 1094 493 1127 consecratae‚
514 1094 542 1118 et
561 1089 681 1129 publice
701 1089 845 1119 dedicatae
867 1095 946 1119 sunt.
979 1089 1060 1127 Quae

169 1130 223 1170 qui
247 1130 386 1160 convenit
406 1140 495 1171 penes
518 1131 601 1162 Deos
627 1142 689 1162 esse
713 1142 833 1172 negare,
858 1142 928 1163 cum
953 1143 1058 1162 eorum

168 1178 298 1212 augusta
324 1179 353 1202 et
376 1179 478 1205 sancta
502 1174 663 1204 simulacra
688 1177 891 1205 veneremur?
915 1175 1008 1213 Quod
1035 1175 1060 1206 si

167 1214 245 1245 inest
259 1215 290 1246 in
306 1215 466 1247 hominum
481 1227 589 1257 genere
604 1228 700 1255 mens,
718 1218 802 1255 fides,
816 1218 921 1254 virtus,
939 1228 1060 1248 concor-

169 1257 239 1293 dia;
264 1259 344 1289 unde
360 1258 423 1289 haec
442 1259 473 1289 in
490 1265 593 1297 terras,
610 1260 667 1290 nisi
684 1271 701 1290 a
717 1260 842 1301 superis,
860 1261 989 1291 defluere
1005 1271 1059 1301 po-

167 1306 291 1331 tuerunt
305 1303 318 1332 ?
348 1301 491 1342 Cumque
514 1303 574 1333 sint
600 1302 631 1333 in
658 1303 744 1333 nobis
771 1304 942 1341 consilium,
971 1305 1057 1341 ratio,

169 1343 351 1384 prudentia3
376 1353 493 1375 necesse
515 1351 570 1383 est,
592 1346 674 1376 Deos
695 1346 760 1376 haec
780 1346 845 1387 ipsa
865 1347 974 1377 habere
994 1357 1060 1377 ma-

166 1387 244 1425 jora,
258 1397 311 1417 nec
326 1387 436 1418 habere
451 1388 561 1425 solum,
579 1389 630 1419 sed
645 1389 736 1419 etiam
751 1389 798 1419 his
814 1390 858 1419 uti
873 1390 904 1419 in
916 1390 1059 1420 maximis

167 1435 198 1459 et
217 1429 338 1470 optimis
357 1432 455 1461 rebus.
500 1431 589 1461 Nihil
614 1438 717 1462 autem
742 1438 786 1462 est
809 1442 864 1463 nec
884 1434 984 1472 majus
1005 1443 1059 1463 nec

167 1471 276 1503 melius
291 1473 415 1503 mundo.
440 1474 570 1504 Necesse
585 1480 628 1504 est
644 1485 724 1515 ergo,
742 1485 812 1505 eum
828 1475 966 1506 Deorum
988 1485 1058 1506 con-

166 1514 232 1544 silio
253 1521 282 1545 et
297 1516 484 1556 providentia
498 1516 713 1547 administrari.

209 1558 377 1595 Postremo,
399 1569 469 1589 cum
491 1560 561 1589 satis
582 1560 784 1598 docuerimus,
808 1561 862 1591 hos
884 1572 947 1591 esse
962 1561 1056 1599 Deos,

165 1611 296 1641 quorum
312 1601 462 1642 insignem
478 1602 539 1632 vim
553 1609 581 1632 et
593 1603 742 1633 illustrem
755 1604 862 1634 faciem
875 1604 1056 1642 videremus,

164 1643 258 1673 solem
274 1644 350 1680 dico,
369 1650 398 1674 et
418 1645 536 1683 lunam,
554 1652 582 1675 et
598 1657 689 1686 vagas
704 1646 815 1684 stellas,
832 1653 862 1676 et
882 1647 1056 1685 inerrantes,

162 1692 193 1716 et
208 1686 328 1723 coelum,
346 1692 375 1717 et
391 1687 543 1718 mundum
562 1688 675 1729 ipsum,
693 1695 722 1719 et
745 1700 849 1719 earum
866 1700 966 1720 rerum
983 1690 1057 1728 vim,

161 1738 231 1770 quae
252 1729 382 1761 inessent
405 1730 436 1760 in
463 1731 548 1761 omni
574 1731 702 1770 mundo,
723 1742 794 1763 cnm
817 1742 929 1774 magno
949 1743 1009 1764 usu
1030 1739 1060 1764 et
