1226 1935
219 80 283 110 240
326 79 448 111 TUSC.
465 78 636 117 QUAEST.
658 78 737 108 Lm.
760 77 818 108 IV.
843 77 927 108 CAP.
943 79 995 108 28.

219 165 322 195 omnia
336 166 393 196 ista
404 176 441 195 ex
453 174 588 196 errorum
603 170 668 194 orta
682 163 850 194 radicibus:
868 174 936 204 quae
951 163 1103 194 evellenda

219 214 249 238 et
270 208 454 239 extrahenda
474 208 605 249 penitus,
627 217 687 237 non
708 206 948 237 circumcidenda
966 216 1020 237 nec
1039 216 1104 236 am-

219 251 365 291 putanda,
382 257 461 281 sunt.

262 294 408 325 XXVII.
433 294 503 330 Sed,
527 293 671 334 quoniam
687 292 830 333 suspicor,
854 298 884 322 te
903 301 964 322 non
985 297 1047 321 tam
1069 291 1106 322 de

219 337 351 377 sapiente
366 348 459 378 quam
476 337 512 367 de
527 343 557 366 te
571 336 637 376 ipso
652 345 784 376 quaerere
800 335 902 369 (illum
918 335 999 365 enirn
1016 340 1105 375 putas

218 380 302 410 omni
317 380 540 420 perturbatione
556 389 617 409 esse
631 378 773 416 liberum,
791 384 819 407 te
835 377 891 414 vis)
904 389 912 414 ς
937 377 1103 415 videamus,

219 429 334 463 quanta
354 423 424 459 sint,
448 433 516 463 quae
531 433 549 451 a
563 421 754 463 philosophia
768 420 899 451 remedia
914 421 1027 451 morbis
1041 420 1106 450 ani-

218 475 339 495 morum
364 466 572 495 adhibeantur.
606 464 662 494 Est
688 464 768 493 enim
791 464 929 504 quaedam
956 463 1105 493 medicina

218 515 315 543 certe:
340 519 395 539 nec
416 515 479 538 tam
500 507 558 537 fuit
578 506 738 537 hominum
758 506 859 547 generi
880 506 996 536 infensa
1015 512 1107 546 atque

218 551 342 581 inimica
362 558 481 587 natura,
505 556 540 580 ut
554 549 727 590 corporibus
743 555 787 579 tot
801 560 846 579 res
865 549 1018 587 salutares,
1042 549 1107 578 ani-

217 595 277 624 mis
300 594 428 632 nullam,
456 593 613 624 invenerit.
652 592 701 622 De
727 592 837 633 quibus
863 592 919 622 hoe
945 592 1035 621 etiam
1063 597 1106 621 est

217 637 325 667 merita
340 637 459 673 melius,
473 636 555 677 quod
567 645 727 676 corporum
740 635 915 673 adjumenta
927 635 1107 664 adhibentur

218 680 414 717 extrinsecus,
439 680 612 709 animorum
633 678 713 708 salus
729 678 843 707 inclusa
858 678 889 706 in
904 677 951 707 his
966 677 1038 717 ipsis
1053 683 1105 708 est.

217 723 278 753 Sed
298 733 359 763 quo
380 723 478 761 major
499 727 541 752 est
562 722 594 751 in
615 721 656 751 eis
676 720 848 761 praestantia
868 726 897 750 et
911 720 1049 758 divinior,
1072 730 1108 750 eo

217 767 331 804 majore
352 765 489 805 indigent
504 764 671 804 diligentia.
698 764 806 804 Itaque
821 765 897 793 bene
913 762 1047 793 adhibita
1062 773 1109 793 ra-

218 809 259 838 tio
281 809 384 846 cernit,
409 808 483 849 quid
504 808 656 849 optimum
676 807 734 843 sit;
758 806 905 847 neglecta,
928 806 1033 836 multis
1048 806 1106 836 im-

217 852 347 892 plicatur
362 852 520 882 erroribus.

260 895 314 924 Ad
335 901 363 924 te
383 894 476 935 igitur
496 893 573 924 mihi
591 894 656 933 jam
677 892 875 923 convertenda
894 892 992 923 omnis
1012 892 1107 922 oratio

218 943 278 968 est:
305 938 430 967 simulas
456 937 537 967 enim
562 947 694 977 quaerere
715 942 744 965 te
764 936 801 965 de
821 936 973 976 sapiente:
998 935 1107 976 quaeris

218 987 320 1010 auten]
336 981 459 1010 fortasse
475 980 512 1010 de
527 986 565 1010 te.
590 979 708 1009 Earum
723 978 816 1018 igitur
830 978 1104 1019 perturbationum,

218 1035 294 1065 quas
320 1024 456 1064 exposui,
480 1023 570 1053 variae
597 1028 667 1052 sunt
694 1022 880 1052 curationes:
911 1031 981 1050 nam
1008 1031 1107 1062 neque

218 1067 317 1096 omnis
338 1066 484 1107 aegritudo
500 1066 562 1095 una
580 1065 694 1095 ratione
714 1064 843 1094 sedatur.
876 1064 951 1094 Alia
966 1070 1009 1094 est
1024 1065 1105 1094 enim

217 1109 346 1149 lugenti,
363 1110 421 1139 alia
436 1109 601 1145 miseranti,
618 1108 677 1138 alia
688 1107 844 1143 invidenti,
856 1107 1027 1137 adhibenda
1042 1117 1106 1136 me-

219 1152 326 1183 dicina.
351 1153 406 1182 Est
423 1152 513 1182 etiam
528 1152 559 1181 in
575 1151 716 1181 omnibus
732 1156 861 1191 quatuor
876 1150 1107 1190 perturbationi-

218 1197 276 1226 bus
296 1196 349 1225 issa
369 1194 538 1225 distinctio:
555 1194 677 1224 Utrum
697 1193 735 1223 ad
756 1193 926 1222 universam
949 1194 1106 1233 perturba-

219 1238 332 1269 tionem
354 1241 436 1279 (quae
457 1244 500 1267 est
519 1236 708 1277 adspernatio
728 1235 861 1273 rationis,
885 1242 938 1266 aut
958 1236 1108 1276 appetitus

220 1282 449 1318 vehementior),
473 1291 511 1310 an
527 1280 565 1310 ad
581 1280 724 1320 singulas,
746 1285 781 1308 ut
801 1278 838 1308 ad
859 1285 988 1316 metum,
1007 1279 1107 1316 libidi-

219 1334 302 1361 nem,
313 1325 514 1365 reliquasque,
524 1323 633 1353 melius
642 1322 820 1352 adhibeatur
830 1322 938 1352 oratio:
953 1327 993 1359 et,
1004 1328 1108 1353 utrum

219 1368 298 1397 illud
318 1377 377 1397 non
399 1367 535 1397 videatur
550 1376 627 1406 aegre
642 1365 811 1402 ferendum,
833 1375 870 1395 ex
891 1375 952 1405 quo
972 1371 1108 1405 suscepta

220 1411 259 1441 sit
285 1410 452 1451 aegritudo3
476 1419 514 1439 an
541 1409 679 1439 omnium
703 1418 804 1438 rerum
829 1407 962 1438 tollenda
984 1408 1108 1438 omnino

221 1453 388 1493 aeg1·itudo;
413 1458 458 1490 ut,
482 1453 506 1482 si
527 1452 594 1493 quis
610 1462 687 1492 aegre
707 1451 793 1488 ferat,
811 1461 841 1480 se
856 1461 1019 1492 pauperem
1035 1461 1107 1489 esse,

218 1496 289 1526 idne
304 1497 448 1537 disputes,
465 1501 674 1536 paupertatem
690 1494 807 1524 malum
822 1504 883 1523 non
900 1504 961 1524 esse
974 1505 982 1529 ;
1000 1503 1038 1523 an
1053 1494 1108 1524 ho-

220 1539 336 1570 minem
348 1550 425 1579 aegre
440 1539 515 1568 ferre
530 1538 607 1568 nihil
622 1543 766 1578 oportere.
800 1537 957 1567 Nimirum
972 1537 1028 1567 hoc
1043 1547 1106 1567 me-

219 1583 299 1618 lius3
324 1593 373 1619 ne,
397 1582 421 1612 si
441 1582 516 1611 forte
536 1581 573 1611 de
587 1586 765 1621 paupertate
780 1589 840 1609 non
855 1579 1046 1620 persuaseris,
1069 1579 1108 1611 sit

220 1626 391 1666 aegritudini
407 1624 649 1655 concedendum:
667 1622 843 1664 aegritudine
858 1629 958 1653 autern
976 1623 1104 1661 sublata,

220 1669 348 1710 propriis
367 1668 542 1704 rationibus,
560 1667 671 1708 quibus
690 1666 755 1696 heri
773 1666 819 1696 usi
841 1677 956 1703 sumus,
973 1666 1106 1707 quodam

221 1712 311 1742 modo
326 1712 416 1742 etiam
432 1711 616 1752 paupertatis
631 1710 747 1740 malum
764 1709 887 1739 tollitur.

264 1756 429 1786 XXVIII.
454 1755 513 1785 Sed
529 1754 625 1784 omnis
641 1752 788 1793 ejusmodi
803 1752 998 1794 perturbatio,
1013 1748 1109 1782 animi
