1226 1935
277 59 340 92 DE
363 60 562 100 FINIBUS,
584 60 663 91 Lm.
678 60 738 91 1v.
749 59 833 91 CAP.
846 61 876 92 9.
978 60 1021 92 39

134 144 226 176 totius
245 151 308 177 arte
322 146 416 178 vitae?
438 156 477 177 an
495 146 589 188 quod,
605 156 675 177 cum
696 146 799 178 animo
818 151 1021 177 constaremus

132 194 164 218 et
178 199 311 229 corpore,
328 196 357 220 et
372 190 436 221 haec
450 190 527 230 ipsa,
544 195 573 220 et
589 199 694 219 eorum
710 189 834 219 virtutes
848 199 902 229 per
913 199 944 219 sc
959 199 1022 219 esse

132 231 317 262 sumendas?
340 243 378 263 an
406 243 474 264 vero
497 232 650 273 displicuit
675 243 721 269 ea,
743 243 812 273 quae
839 232 952 262 tributa
978 238 1023 262 est

131 274 227 304 animi
249 275 410 306 virtutibus
430 282 515 306 tanta
531 276 726 316 praestantia?
749 285 787 304 an
805 285 876 316 qua:
895 274 933 304 de
948 285 1021 314 pru-

130 317 244 353 dentia,
261 318 299 348 de
313 319 482 359 cognitione
494 329 606 355 rerum,
627 318 665 348 de
680 318 924 369 conjunctione„
905 317 1022 348 ueneris

131 359 270 399 humani,
289 372 419 402 quaeque
433 363 471 392 ab
487 361 598 392 eisdem
614 361 651 391 de
671 361 881 401 temperantia,
902 360 940 390 de
956 370 1021 390 mo-

130 402 237 441 destia,
265 404 302 434 de
326 404 536 445 magnitudine
561 404 666 441 animi,
693 404 731 434 de
757 404 840 434 omni
866 403 1021 434 honestate

129 444 294 476 dicuntur⁹
318 447 508 477 Fatebuntur
523 447 628 484 stoici,
650 447 714 477 haec
734 447 837 477 omnia
856 446 936 476 dicta
958 457 1022 476 esse

131 488 292 528 praeclare3
324 500 423 530 neque
452 500 519 520 eam
549 500 671 520 causam
697 490 814 520 Zenoni
840 489 1021 520 desciscendi

130 531 222 561 fuisse
235 543 242 561 :
268 532 327 562 alia
341 533 482 573 quaedam
497 532 606 562 dicent.

175 574 273 604 Credo
288 585 401 615 magna
420 575 615 615 antiquorum
636 585 699 605 esse
719 580 852 615 peccata,
868 585 937 615 quae
956 574 1019 613 ille,

131 617 194 647 veri
209 617 408 659 investigandi
424 618 562 658 cupidus,
579 618 664 648 nullo
680 617 770 647 modo
790 618 866 647 ferre
881 618 1022 658 potuerit.

130 660 217 697 Quid
233 661 313 690 enim
329 661 507 701 perversius,
523 661 598 701 quid
613 660 841 697 intolerabilius,
858 660 932 701 quid
948 661 1023 691 stul-

131 703 204 741 tius,
221 714 314 744 quam
330 705 442 734 bonam
463 704 679 740 valetudinem,
691 714 786 744 quam
801 703 941 733 dolorum
955 714 1023 734 om-

131 746 218 776 nium
233 747 426 785 vacuitatem,
451 757 545 788 quam
560 747 763 787 integritatem
779 746 936 776 oculorum
952 747 1022 777 reli-

131 799 325 830 quorumque
340 799 495 825 sensuum,
512 800 623 830 ponere
643 790 675 819 in
695 789 782 820 bonis
797 789 908 830 potius,
925 800 1019 830 quam

129 831 239 869 dicere,
257 833 334 862 nihil
355 833 479 863 omnino
500 833 578 863 inter
593 843 641 863 eas
658 843 714 870 res,
735 833 831 872 iisque
846 832 1019 872 contrarias,

132 875 296 906 interesse?
319 875 369 906 Ea
388 876 469 906 enim
489 875 603 914 onmia,
626 886 695 916 quae
715 875 760 905 illi
779 877 859 905 bona
877 875 1022 914 dicerent,

132 918 294 959 praeposim
308 929 382 957 esse,
398 929 459 949 non
475 920 573 949 bona:
598 919 732 959 itemque
747 918 810 955 illa,
827 928 896 958 quae
910 918 942 947 in
957 929 1022 949 cor-

132 971 205 1002 pore
225 962 414 999 excellerent,
436 962 527 992 stulte
547 962 687 1002 antiquos
707 961 818 992 dixisse
837 971 890 1001 per
910 972 941 991 se
961 972 1023 992 aese

131 1005 319 1045 expetenda:
344 1010 374 1034 et
403 1005 551 1036 sumenda
572 1005 684 1045 potius,
707 1015 802 1045 quam
831 1004 1020 1044 expetenda:

130 1047 298 1088 eademque
312 1048 350 1078 de
365 1048 449 1078 omni
464 1048 537 1085 vita,
550 1059 619 1088 quae
634 1048 665 1077 in
681 1048 744 1078 una
759 1047 868 1078 virtute
883 1047 1024 1077 consiste-

132 1096 196 1121 ret:
216 1090 300 1120 illam
313 1091 418 1129 vitam,
430 1102 499 1132 quae
508 1091 598 1121 etiam
611 1091 723 1122 caeteris
734 1092 834 1128 rebus,
848 1101 917 1131 quae
926 1096 1024 1121 essent

130 1133 298 1164 secundum
321 1141 474 1171 naturam,
500 1134 678 1172 abundaret,
702 1133 800 1174 magis
823 1133 1022 1174 expetendam

132 1186 194 1206 non
210 1187 282 1213 esse,
295 1177 347 1207 sed
362 1178 459 1217 magis
475 1177 654 1207 sumendam
668 1189 676 1207 ι
701 1187 832 1217 cumque
847 1176 912 1216 ipsa
927 1176 1023 1207 virtus

131 1219 241 1250 efficiat
255 1220 298 1250 ita
311 1221 431 1250 beatam
448 1221 553 1258 vitam,
570 1226 605 1250 ut
620 1221 734 1250 beatior
753 1230 815 1250 esse
835 1229 895 1249 non
916 1220 1020 1260 possit,

132 1268 234 1293 tamen
258 1263 400 1303 quaedam
423 1263 522 1293 deesse
549 1263 745 1304 sapientibus,
768 1269 847 1299 tum,
869 1272 939 1292 cum
962 1263 1023 1293 sint

132 1305 296 1336 beatissimi
310 1318 317 1336 :
341 1306 444 1347 itaque
459 1317 508 1336 eos
523 1306 555 1336 id
564 1316 662 1347 agere,
674 1312 708 1336 ut
723 1317 742 1337 a
756 1316 787 1336 se
801 1305 928 1344 dolores,
941 1316 1022 1336 mor-

131 1349 197 1386 bos,
214 1348 383 1380 debilitates
392 1349 549 1390 1epellant.

175 1391 235 1422 IX.
247 1392 277 1422 O
285 1402 429 1432 magnam
440 1392 501 1423 vim
511 1391 635 1433 ingenii,
643 1392 961 1432 causamquejustam,
968 1402 1022 1422 cur

132 1444 210 1465 nova
230 1435 384 1465 exsisteret
403 1435 582 1476 disciplina!
610 1436 705 1476 Perge
725 1445 835 1476 porro:
859 1440 1024 1475 sequentur

131 1477 224 1513 enim,
236 1488 305 1518 quae
320 1484 352 1507 tu
369 1478 564 1508 scientissime
575 1479 752 1527 complexus
762 1488 804 1516 es,
818 1487 941 1507 omnem
950 1478 1024 1507 insi·

131 1520 276 1560 pientiam
291 1527 321 1551 et
331 1521 523 1560 injustitiam,
534 1521 594 1552 alia
606 1521 678 1551 vitia
689 1520 799 1551 similia
810 1531 889 1556 esse3
906 1520 1024 1551 onmia-

131 1573 192 1604 que
200 1569 320 1612 peccata
329 1574 390 1594 esse
399 1564 500 1605 paria;
514 1575 634 1605 eosque,
645 1564 700 1605 qui
709 1563 818 1594 natura
827 1563 1024 1604 doctrinaque

130 1606 221 1646 longe
234 1605 274 1636 ad
289 1606 431 1637 virtutem
446 1607 666 1647 processissent,
683 1607 741 1637 nisi
762 1616 829 1636 eam
850 1606 938 1647 plene
953 1616 1024 1636 con-

132 1648 227 1679 secuti
238 1654 345 1688 essent,
356 1660 476 1680 summe
485 1660 547 1681 esse
556 1650 700 1685 miseros·
724 1659 822 1690 neque
831 1649 909 1679 inter
920 1659 1025 1679 eorum

132 1691 239 1729 vitam,
249 1698 279 1722 et
293 1692 598 1733 improbissimorum,
609 1692 780 1734 quidquam
795 1691 920 1722 omnino
934 1691 1027 1722 inter-

132 1744 218 1772 esse3
242 1740 277 1766 ut
292 1734 392 1771 Plato,
409 1741 512 1767 tantus
526 1735 578 1768 ille
593 1736 650 1775 vir,
665 1735 692 1767 si
706 1735 824 1778 sapiens
846 1744 908 1766 non
923 1734 1026 1772 fuerit,
