1226 1935
228 49 352 82 TUSC.
370 49 543 89 QUAEST.
561 49 639 81 Lm.
658 44 704 82 11.
726 50 810 81 Cn.
828 51 879 81 21.
943 51 1005 86 173

128 136 219 167 etiam
234 136 376 177 postulat.
411 136 500 167 Nihil
516 136 596 167 enim
613 137 704 167 habet
718 136 920 177 praestantiuS,
937 137 1016 167 nihil

127 179 209 220 quod
221 180 317 220 magis
329 185 460 220 expetat,
478 190 569 221 quam
583 180 755 216 honestum,
773 190 865 220 quam
879 179 1014 217 laudem,

130 233 222 263 quam
239 223 428 262 (lignitatem,
451 233 544 263 quam
560 223 659 252 decus.
700 223 791 252 Hisce
807 233 862 262 ego
878 223 1016 262 pluribus

129 266 302 295 nominibus
327 276 421 296 unam
442 276 505 295 rem
529 266 672 296 declarari
694 265 781 300 volo;
806 265 857 295 sod
879 272 957 301 utor,
982 272 1017 295 ut

130 319 223 348 quam
240 309 373 338 maxime
388 308 565 349 significem,
582 309 729 349 pluribus.
760 308 839 338 Volo
855 314 956 338 autem
973 308 1019 337 di-

131 361 207 389 cere,
231 351 307 381 illud
323 351 440 381 homini
455 352 545 392 longe
560 351 710 392 optimum
727 362 799 387 esse,
822 351 903 391 quod
918 351 1020 391 ipsum

131 394 170 424 sit
186 394 353 434 optandum
369 405 422 435 per
433 405 475 431 se,
492 406 510 424 a
524 395 635 424 virtute
650 394 829 435 profectum,
847 394 893 423 vel
909 393 939 422 in
956 393 1022 434 ipsit

132 437 243 467 virtute
263 437 367 475 situm,
390 438 444 467 su&
464 444 569 478 sponte
592 437 764 467 laudabile:
789 436 871 477 quod
895 436 1020 477 quidem

132 479 219 510 citius
239 479 367 510 dixerim
390 481 500 517 solum,
522 490 615 521 quam
637 490 697 510 non
716 489 873 510 summum
894 481 1021 509 bonum.

132 522 251 563 Atque,
274 529 309 553 ut
332 523 396 553 haec
416 523 453 553 de
473 524 609 560 honesto,
631 523 672 553 sic
693 523 730 552 de
751 523 832 563 turpi
853 522 1020 552 contraria:

130 565 207 595 nihil
232 572 295 596 tam
320 572 443 604 tetrum,
470 566 546 596 nihil
568 573 630 596 tam
651 565 908 607 adspernandum,
942 565 1021 595 nihil

132 608 256 639 homine
272 609 434 649 indignius.

177 651 271 688 Quod
293 652 316 682 si
338 652 392 682 tibi
413 662 589 693 persuasum
608 658 661 689 est,
682 651 843 692 (principio
859 651 940 682 enim
956 651 1024 682 dix-

134 694 195 731 isti,
219 695 288 735 plus
303 695 334 725 in
350 695 492 725 dedecore
507 695 581 725 mali
602 695 656 725 tibi
678 695 782 731 videri,
806 705 900 735 quam
918 695 949 724 in
971 694 1024 725 do-

134 738 210 774 lore)
228 738 378 778 reliquum
392 745 446 776 est,
462 744 497 768 ut
512 744 576 768 tute
592 738 646 768 tibi
661 738 808 778 imperes:
834 748 1023 779 quamquam

134 780 193 810 hoc
213 781 310 811 nescio
332 791 393 821 quo
414 781 505 811 modo
525 781 651 817 dicatur,
674 781 759 821 quasi
780 781 840 810 duo
862 781 966 819 simus,
990 786 1026 810 ut

134 824 210 853 alter
233 824 372 864 imperet,
395 824 471 854 alter
493 830 615 865 pareat:
641 833 702 854 non
725 823 829 854 inscite
852 830 954 854 tamen
977 823 1024 853 di-

133 873 221 897 citur.

179 909 274 940 XXI.
298 909 356 940 Est
377 910 458 940 enim
479 910 600 940 animus
620 909 651 940 in
666 915 765 950 partes
786 910 917 940 tributus
938 909 1024 948 duas,

134 963 266 993 quarum
291 953 384 983 altera
406 953 529 984 rationis
549 959 592 983 est
613 953 771 994 particeps,
796 954 889 983 altera
909 963 1024 993 expers.

137 996 218 1026 Cum
233 995 326 1036 igitur
346 997 530 1037 praecipitur,
552 1002 587 1027 ut
601 996 810 1036 nobismetipsi
830 997 1027 1036 imperemus,

135 1039 193 1069 hoc
207 1039 390 1080 praecipitur,
405 1046 440 1069 ut
450 1040 525 1069 ratio
541 1042 673 1070 coerceat
689 1039 898 1069 temeritatem.
921 1039 979 1069 Est
994 1039 1026 1068 in

134 1082 245 1112 animis
265 1083 403 1112 omnium
424 1082 486 1113 fere
506 1082 615 1112 natur&
630 1083 721 1112 molle
737 1082 896 1123 quiddam,
918 1082 1029 1112 demis-

137 1135 217 1162 sum,
240 1124 368 1163 humile,
393 1131 568 1156 enervatum
594 1125 830 1166 quodammodo,
856 1131 885 1155 et
907 1125 1028 1165 langui-

137 1168 224 1205 dum,
243 1166 379 1210 [senile.]
404 1169 436 1199 Si
452 1169 529 1198 nihil
544 1168 638 1205 aliud,
656 1168 733 1198 nihil
748 1174 822 1198 esset
837 1168 960 1198 homine
976 1168 1028 1198 de-

137 1211 273 1241 formius.
312 1212 371 1242 Sed
391 1218 500 1252 praesto
516 1218 558 1242 est
574 1211 698 1241 domina
712 1211 849 1241 omnium
867 1218 897 1241 et
912 1211 1026 1251 regina,

136 1254 224 1291 ratio,
248 1265 327 1295 quae,
352 1255 481 1285 connixa
495 1265 548 1296 per
564 1265 605 1292 se,
622 1260 651 1284 et
671 1265 826 1295 progressa
845 1254 977 1294 longius,
994 1253 1029 1284 fit

136 1297 270 1338 perfecta
284 1297 388 1328 virtus.
419 1298 495 1328 Haec
510 1304 545 1327 ut
559 1298 686 1338 imperet
701 1297 745 1327 illi
760 1297 838 1338 parti
854 1297 948 1327 animi
961 1307 1030 1337 quae

137 1340 258 1370 obedire
270 1340 369 1379 debet,
381 1341 414 1370 id
425 1340 591 1371 videndum
603 1346 646 1371 est
656 1341 728 1371 viro.
753 1341 899 1378 Quonam
911 1340 1002 1370 modo
1014 1342 1029 1370 Ρ

138 1383 266 1424 inquies.
304 1383 400 1414 Velut
421 1384 562 1414 dominus
583 1394 678 1419 servo,
695 1384 778 1414 velut
792 1383 956 1424 imperator
971 1383 1031 1412 mi-

138 1426 196 1463 liti,
225 1427 308 1457 velut
333 1437 441 1468 parens
465 1427 537 1457 filio.
576 1427 609 1457 Si
633 1426 806 1467 turpissime
830 1437 860 1457 se
883 1426 937 1456 illa
961 1436 1031 1466 pars

138 1469 234 1498 animi
254 1475 347 1510 geret,
370 1480 464 1511 quam
484 1470 549 1500 dixi
568 1480 630 1500 esse
644 1469 780 1507 mollem,
804 1469 828 1499 si
844 1480 874 1500 se
888 1469 1030 1499 lamentis

136 1512 335 1550 muliebriter,
348 1513 550 1554 lacrymisque
561 1513 660 1550 dedet,
674 1513 822 1543 vinciatur
838 1518 867 1543 et
882 1512 1030 1542 constrin-

137 1560 227 1594 gatur
247 1555 414 1586 amicorum
434 1557 737 1604 propinquorumque
752 1555 903 1586 custodiis.
942 1556 1029 1595 Saepe

138 1598 220 1627 enim
240 1598 371 1629 vidimus
391 1599 499 1629 fractos
521 1599 646 1640 pudore,
663 1599 716 1640 qui
732 1599 846 1629 ratione
861 1598 947 1628 nulla
963 1598 1029 1628 vin-

137 1646 284 1671 cerentur.
307 1641 391 1682 Ergo
402 1642 456 1672 hos
468 1642 604 1683 quidem,
618 1648 652 1672 ut
664 1642 806 1679 famulos,
818 1641 924 1672 vinclis
936 1651 1030 1681 prope

137 1694 172 1713 ac
187 1684 322 1714 custodia
337 1688 534 1716 coerceamus.
567 1685 633 1723 Qui
648 1690 751 1715 autem
766 1690 855 1715 erunt
870 1684 1028 1721 firmiores,

139 1736 194 1759 nec
209 1732 311 1759 tamen
326 1728 536 1768 robustissimi,
558 1728 611 1760 hos
632 1728 790 1760 admonitu
812 1727 971 1770 oportebit,
996 1732 1029 1757 ut

706 1780 729 1803 Q
752 1772 772 1802 3
