1226 1935
239 105 362 138 TUSC.
379 105 552 144 QUAEST.
577 105 655 136 Lm.
674 105 734 136 lv.
758 105 841 135 CM».
859 105 910 135 22.
956 105 1019 135 235

133 192 240 233 attingi
255 192 371 233 aliquid
386 192 560 230 verisimile,
575 202 637 232 quo
651 191 772 232 longius
786 201 872 221 mens
886 191 1023 221 humana

133 235 272 276 progredi
293 245 353 266 non
374 237 498 276 potest?
532 235 679 265 Definitio
701 234 944 275 perturbationis,
961 234 1024 275 qua

133 284 211 308 recte
224 277 378 308 Zenonem
391 288 481 308 usum
496 284 581 318 puto.
613 278 663 308 Ita
678 277 758 307 enim
774 276 890 314 definit,
907 283 941 307 ut
955 287 1024 317 per-

133 321 265 350 turbatio
285 321 323 351 sit
344 321 466 351 adversa
486 320 606 358 rationi,
628 326 731 351 contra
752 326 904 356 naturam,
928 319 1023 349 animi

133 364 315 394 commotio:
341 364 400 399 vel,
422 363 553 401 brevius,
570 369 604 394 ut
620 363 805 404 perturbatio
820 362 857 393 sit
872 363 1024 403 appetitus

134 406 360 441 vehementior;
378 406 582 436 vehementior
597 412 699 436 autem
715 405 901 446 intelligatur
916 405 953 443 is,
969 405 1024 446 qui

133 450 238 490 procul
254 449 332 480 absit
347 460 365 479 a
381 455 496 479 naturae
511 450 687 480 constantia.

178 492 265 530 Quid
289 492 327 522 ad
351 492 405 522 has
429 492 616 522 definitiones
641 491 754 533 possim
777 491 899 522 dicere?
923 491 1023 531 Atqui

134 534 199 565 haec
213 535 357 576 pleraque
373 541 444 565 sunt
455 535 618 576 prudenter
630 541 776 575 acuteque
791 534 1001 564 disserentium
1014 545 1022 563 ι

134 577 188 608 ina
203 578 327 618 quidem
349 588 385 608 ex
406 578 561 608 rhetorum
581 578 706 619 pompa,
732 580 753 595 “
767 577 886 608 ardores
908 577 1025 607 animo-

134 631 216 658 rum,
241 627 380 662 cotesque
400 621 581 651 virtutum.'’
609 621 663 651 An
688 631 758 650 vero
782 620 827 650 vir
848 620 943 657 fortis,
967 620 1024 650 nisi

135 663 315 694 stomachari
331 664 463 704 coeperit,
485 674 546 694 non
566 670 663 704 potest
683 663 767 694 fortis
788 665 875 694 esse?
900 663 1025 693 Gladia-

135 706 247 736 torium
268 707 299 736 id
314 707 459 747 quidemg
484 717 672 748 quamquam
689 707 720 736 in
736 707 777 737 eis
795 706 867 747 ipsis
888 706 1026 736 videmus

135 760 213 790 saepe
223 750 431 780 constantiam.
449 750 685 791 Colloquuntur,
696 749 941 790 congrediuntur,
952 759 1027 790 que-

135 798 255 830 runtur,
280 792 396 833 aliquid
422 793 588 834 postulant,
612 799 646 823 ut
671 793 769 833 magis
795 792 905 833 placati
931 802 1025 833 quam

135 835 203 866 irati
215 846 277 865 esse
294 836 461 866 videantur.
485 835 545 866 Sed
560 836 592 865 in
608 836 661 865 illo
675 845 784 876 genere
798 836 837 866 sit
851 845 922 865 sane
939 835 1026 865 Paci-

137 878 244 908 dianus
259 878 370 919 aliquis
384 879 442 909 hoc
456 879 570 917 animo,
587 884 623 908 ut
637 884 739 908 narrat
754 878 903 916 Lucilius,

181 938 203 955 “
216 936 363 968 Occidam
379 937 468 967 illum
484 936 636 978 equidem,
659 943 689 968 et
703 937 834 975 vincam,
857 937 882 967 si
895 936 928 966 id
943 947 1027 978 quae-

266 980 342 1015 ritis,
358 980 468 1021 inquit.

180 1023 299 1054 Verum
315 1023 392 1053 illud
406 1023 494 1053 credo
509 1022 583 1059 fore,
599 1023 631 1052 in
646 1032 679 1053 os
693 1023 777 1063 prius
793 1023 939 1063 accipiam
951 1023 1026 1063 ipse,

182 1066 287 1105 Quam
302 1066 440 1106 gladium
454 1067 486 1096 in
501 1066 667 1104 stomacho,
686 1066 767 1106 sura,
784 1076 818 1097 ac
833 1066 1027 1107 pulmonibu'

269 1115 350 1140 srsto.

182 1151 245 1184 Odi
261 1152 436 1183 hominem:
460 1152 555 1183 iratus
574 1162 701 1194 pugno:
725 1161 780 1182 nec
800 1151 917 1192 longiu'
939 1151 1030 1193 quid-

329 1206 361 1225 m

184 1206 409 1312 Nobi‘sElZuam
433 1238 547 1269 dextrae
567 1238 705 1279 gladium
726 1238 801 1268 dum
822 1237 1030 1269 accommodet

301 1288 363 1312 ter:

185 1325 290 1366 Usque
304 1324 389 1363 adeo,
405 1325 505 1355 studio
520 1330 612 1366 atque
626 1324 696 1355 odio
710 1324 804 1363 illius,
820 1323 926 1355 efferor
940 1323 1020 1354 iram

184 1397 298 1428 XXII.
322 1397 379 1435 At,
401 1398 464 1428 sine
482 1397 540 1428 hac
560 1396 738 1438 gladiatoria
758 1395 926 1434 iracundia,
948 1395 1031 1426 vide-

142 1451 211 1472 mus
231 1440 470 1481 progredientem
490 1440 574 1481 apud
592 1440 765 1470 Homerum
781 1440 911 1478 Ajacem
931 1439 1032 1470 multa

143 1494 215 1515 cum
234 1483 395 1520 hilaritate,
419 1494 490 1514 cum
510 1483 739 1524 depugnaturus
760 1488 836 1512 esset
856 1492 927 1512 cum
949 1482 1032 1512 Hec-

143 1533 226 1557 tore:
252 1527 350 1566 cujus,
373 1532 408 1556 ut
422 1537 507 1557 arma
526 1527 645 1564 sumsit,
668 1525 813 1566 ingressio
827 1525 965 1555 laetitiam
986 1531 1031 1555 at-

143 1570 215 1600 tulit
230 1570 326 1607 sociis,
339 1576 481 1600 terrorem
497 1575 599 1600 autem
614 1569 771 1603 hostibus;
789 1574 823 1598 ut
834 1568 935 1609 ipsum
950 1567 1032 1598 Hec-

144 1619 253 1649 torem,
278 1612 550 1653 (quemadmodum
577 1619 621 1643 est
647 1612 729 1653 apud
756 1612 943 1647 Homerum)
970 1616 1032 1641 toto

144 1662 263 1697 pectore
278 1662 467 1692 trementem,
480 1655 655 1696 provocasse
667 1655 705 1684 ad
717 1664 853 1695 pugnam
865 1654 1031 1694 poeniteret.

145 1699 252 1740 Atque
266 1698 310 1735 hi,
326 1699 465 1729 collocuti
478 1699 557 1729 inter
571 1709 613 1736 se,
626 1698 803 1739 priusquam
819 1707 947 1727 manum
963 1706 1033 1726 con-

146 1747 286 1779 sererent,
309 1742 416 1772 leniter
435 1748 464 1772 et
484 1741 596 1783 quiete,
619 1741 696 1771 nihil
716 1751 755 1771 ne
775 1740 806 1770 in
827 1739 893 1780 ipsa
908 1738 1032 1780 quidem

145 1784 250 1826 pugna
264 1784 407 1816 iracunde
421 1785 572 1816 rabioseve
587 1785 730 1816 fecerunt.
755 1783 825 1824 Ego
840 1793 878 1813 ne
893 1782 1034 1823 Torqua.
