1226 1935
259 46 321 79 DE
345 46 544 87 FINIBUS,
568 46 648 78 Lm.
665 46 726 79 1v.
749 46 834 79 CAP.
850 48 902 79 21.
981 50 1024 82 53

127 131 214 171 biles,
231 140 261 164 et
272 133 311 164 ad
321 139 462 165 naturam
478 133 731 165 accommodatae·
755 134 905 182 faterique
919 135 1021 176 coepit,

130 175 269 216 sapienti,
290 177 347 207 hoc
367 182 422 215 est,
443 187 563 208 summe
583 178 682 215 beato,
707 176 896 208 commodius
919 183 1021 209 tamen

127 228 201 255 esse,
225 219 249 249 si
265 230 300 250 ea
314 231 436 260 quoque
457 220 577 257 habeat,
600 231 670 261 quae
685 221 765 250 bona
780 230 839 250 non
856 220 947 251 audet
967 232 1022 261 ap-

127 261 260 301 pellare3
278 263 387 293 natura
402 262 468 303 ipsa
482 263 708 293 accommodata
723 274 784 293 esse
795 263 948 294 concedit:
967 274 1021 294 ne·

127 311 251 345 gatque,
270 306 440 344 Platonem,
457 305 481 336 si
502 306 619 347 sapiens
634 316 695 336 non
711 306 760 343 sit,
782 306 887 336 eadem
909 317 971 337 esse
989 307 1019 337 in

128 347 231 386 causa,
254 348 316 389 qua
337 355 501 389 tyrannum
516 349 711 389 Dionysium.
751 349 834 379 Huic
849 349 926 379 mori
941 350 1020 390 opti-

127 399 216 420 mum
242 402 315 429 esse,
347 398 467 433 propter
493 392 731 433 desperationem
757 392 931 432 sapientiae;
962 393 1019 431 illi,

128 439 249 473 propter
264 445 359 475 spem,
376 435 493 465 vivere:
516 441 636 476 peccata
651 440 753 465 autem
769 435 880 475 partim
897 446 958 465 esse
973 441 1020 466 to-

126 476 273 515 lerabilia,
297 478 408 518 partim
436 478 521 508 nullo
546 478 648 526 ruodo,
673 484 830 518 propterea
851 478 934 518 quod
959 479 1020 509 alia

127 526 247 558 peccata
262 521 374 561 plures,
398 521 458 551 alia
477 521 642 570 pauciores,
666 521 753 562 quasi
773 531 914 551 numeros
929 521 1019 552 officii

125 563 423 601 praeterirent..la1n
443 564 616 605 insipientes
636 564 710 594 alios
730 564 773 594 ita
787 574 860 602 esse,
878 570 912 593 ut
932 565 1019 595 nullo

127 604 218 635 modo
244 606 282 636 ad
308 607 486 655 &pientiam
512 613 632 648 possent
657 607 830 648 pervenire3
844 606 939 655 31105,
964 607 1019 648 qui

127 655 258 688 possent,
277 650 301 680 si
316 650 347 680 id
362 650 501 690 coissent,
518 650 696 691 sapientiam
711 650 862 691 consequi.

170 692 234 722 Hic
258 693 439 733 loquebatur
468 693 564 732 aliter,
595 699 687 734 atque
713 703 837 742 omnes3
870 692 1018 724 sentiebat

127 737 220 773 idem,
253 736 334 777 quod
361 736 468 766 caeteri.
504 736 571 766 Nec
596 746 665 766 vero
690 736 816 767 minoris
841 736 1019 767 aestimanda

126 779 256 810 ducebat
279 789 325 817 ea,
346 789 415 819 quae
435 779 498 819 ipse
518 780 598 809 bona
618 785 740 819 negaret
761 790 834 817 esse,
856 789 950 820 quam
971 779 1017 810 1111

126 823 180 871 qui
196 832 230 852 ea
250 823 330 852 bona
350 832 412 851 esse
432 822 579 852 dicebant.
613 822 698 859 Quid
718 822 811 862 igitur
831 822 927 852 voluit
947 822 1016 861 sibi,

125 866 180 906 qui
200 865 254 894 illa
272 864 435 894 mutaverit
449 867 462 894 Ρ
486 865 601 895 Saltem
621 865 738 905 aliquid
760 865 797 895 de
817 865 949 905 pondere
963 865 1016 896 de-

124 909 273 945 traxisset,
297 913 327 938 et
351 908 444 948 paulo
469 908 594 938 minoris
620 907 826 938 aestimavisset
852 918 897 946 ea,
921 918 1016 948 quam

125 950 328 992 Peripatetici,
351 957 386 981 ut
400 951 509 981 sentire
523 961 646 991 quoque
661 950 756 989 aliud,
777 960 838 981 non
854 951 953 981 solum
969 951 1015 981 di-

123 1005 200 1032 cere,
216 993 376 1025 videretur.
406 993 517 1031 Quid?
540 993 578 1024 de
592 994 658 1034 ipsa
673 993 762 1024 beata
776 993 849 1032 vita,
866 993 905 1024 ad
919 1004 1014 1035 quam

124 1038 228 1069 omnia
251 1037 433 1075 referuntur,
457 1048 526 1078 quae
549 1037 672 1067 dicitis?
701 1037 830 1077 Negatis
851 1047 918 1067 eam
939 1047 1013 1076 esse,

122 1089 194 1122 'quae
209 1080 329 1120 expleta
348 1080 386 1110 sit
400 1080 543 1110 omnibus
562 1080 598 1110 iis
618 1081 708 1110 rebus
722 1090 798 1120 quas
813 1085 921 1110 natura
936 1080 1013 1110 desi-

124 1125 227 1160 deret;
252 1130 408 1164 totamque
428 1133 495 1153 eam
516 1123 548 1153 in
569 1123 632 1155 una
646 1123 757 1153 virtute
771 1123 902 1163 ponitis·
927 1134 1014 1154 cum-

122 1178 184 1216 que
201 1166 300 1197 onmis
324 1166 523 1196 controversia
542 1171 596 1196 aut
615 1166 653 1196 de
667 1177 699 1196 re
713 1166 806 1196 soleat
826 1172 880 1196 aut
899 1165 937 1196 de
957 1176 1012 1197 no-

122 1211 205 1241 mine
224 1220 306 1246 esse;
330 1215 459 1250 utraque
473 1219 578 1240 earum
593 1209 735 1247 nascitur,
757 1209 784 1239 si
797 1215 851 1239 aut
865 1219 911 1239 res
926 1209 1013 1250 igno-

121 1260 216 1291 ratur,
240 1259 293 1283 aut
311 1258 425 1283 erratur
444 1253 477 1282 in
497 1253 629 1283 nomine.
659 1252 802 1290 Quorum
824 1251 848 1282 si
868 1258 1012 1283 neutrum

122 1304 177 1334 est,
201 1306 292 1337 opera
311 1295 412 1326 danda
431 1303 485 1332 est,
508 1302 543 1326 ut
557 1296 654 1326 verbis
670 1302 793 1326 utamur
808 1305 902 1336 quam
918 1296 1011 1326 usita-

124 1339 257 1377 tissimis,
281 1344 311 1369 et
331 1349 424 1380 quarn
444 1338 578 1369 maxime
599 1339 688 1379 aptis,
709 1338 740 1368 id
761 1344 816 1375 est,
833 1349 897 1368 rem
913 1338 1012 1369 decla-

120 1384 266 1414 rantibus.
290 1382 322 1412 N
325 1392 379 1412 um
393 1382 486 1422 igitur
500 1382 629 1412 dubium
645 1387 699 1419 est,
716 1381 802 1422 quin,
819 1381 843 1411 si
858 1381 890 1411 in
902 1392 933 1411 re
945 1382 1012 1422 ipsa

124 1427 200 1457 nihil
221 1431 360 1467 peccatur
379 1435 398 1455 a
418 1425 632 1466 superioribus,
650 1425 747 1455 verbis
762 1424 807 1454 illi
822 1425 1012 1456 commodius

123 1475 248 1500 utantur
259 1471 273 1500 ?

163 1512 258 1543 XXI.
281 1511 449 1542 Videamus
463 1511 556 1551 igitur
571 1510 732 1541 sententias
747 1521 872 1541 eorum:
890 1516 958 1541 tum
969 1511 1010 1541 ad

120 1557 211 1587 verba
224 1555 390 1585 redeamus.
414 1554 530 1584 Dicunt
541 1554 757 1595 appetitionem
769 1554 864 1583 animi
879 1554 1008 1591 moveri,

119 1610 190 1631 cum
216 1598 330 1638 aliquid
357 1598 383 1628 ei
409 1597 575 1628 secundum
600 1603 740 1627 naturam
767 1608 828 1627 esse
851 1597 1008 1633 videatur;

119 1642 293 1681 omniaque,
306 1651 375 1681 quae
389 1641 556 1671 secundum
571 1646 712 1670 naturam
728 1640 799 1677 sint,
813 1640 1010 1670 aestimatione

119 1685 223 1726 aliqua
240 1684 352 1724 digna·
369 1695 474 1724 caque,
491 1694 545 1724 pro
560 1695 605 1721 eo,
622 1689 772 1724 quantum
788 1683 818 1712 in
835 1694 957 1723 quoque
971 1683 1010 1713 sit

120 1727 269 1770 ponderis,
292 1737 354 1759 esse
372 1726 566 1759 aestimanda:
591 1737 720 1768 quaeque
734 1726 902 1798 {ecundum
918 1732 1008 1757 natu-

688 1778 708 1799 F
733 1788 740 1797 .
