1226 1935
205 59 268 90 218
325 60 448 92 TUSC.
465 61 637 99 QUAEST.
655 60 733 92 Lm.
751 60 811 91 IV.
835 60 917 92 CAP.
934 62 964 91 2.

206 145 298 175 etiam
314 152 485 177 conservata
500 152 529 177 et
543 147 624 177 culta
644 146 809 177 videantur.
843 146 919 176 Erat
933 144 1013 175 enim
1028 143 1088 174 illis

205 198 292 229 paene
312 188 343 219 in
364 195 522 230 conspectu
544 190 697 230 praestanti
717 189 863 230 sapientia
885 195 914 219 et
933 187 1089 218 nobilitate

208 231 406 272 Pythagoras,
430 233 483 273 qui
506 232 565 262 fuit
587 233 619 262 in
643 232 735 262 Italia
760 232 944 272 temporibus
969 230 1087 267 iisdem,

207 274 318 314 quibus
334 275 371 304 L.
385 275 500 305 Brutus
512 276 639 316 patriam
652 275 800 313 liberavit,
813 275 972 316 przeclarus
987 277 1090 303 auctor

206 317 369 347 nobilitatis
380 324 447 348 tuae.
461 318 640 359 Pythagorae
650 324 750 348 autem
763 317 907 354 doctrina,
919 326 988 347 cum
1000 316 1090 355 longe

206 360 326 400 lateque
349 360 464 399 flueret,
488 361 708 401 permanavisse
726 361 803 390 mihi
823 360 940 391 videtur
960 359 991 389 in
1011 359 1090 388 hanc

207 403 376 433 civitatem:
400 403 492 452 idque
512 414 581 433 cum
598 404 768 452 conjectura
783 403 937 444 probabile
952 408 1006 439 est,
1022 407 1091 431 tum

208 445 391 486 quibusdam
408 447 498 476 etiam
515 446 647 486 vestigiis
662 446 819 476 indicatur.
844 446 923 484 Quis
938 445 1019 475 enim
1035 449 1090 481 est,

208 488 262 529 qui
281 495 377 529 putet,
400 499 469 519 cum
490 489 606 519 floreret
623 488 670 527 [in
687 489 793 530 Italia]
812 488 928 518 Graecia
947 486 1091 528 potentis-

207 531 291 561 simis
307 537 335 561 et
351 532 493 561 maximis
508 532 647 580 urbibus,
664 542 709 567 ea,
726 542 794 572 quae
810 531 928 571 Magna
942 531 1021 560 dicta
1035 535 1090 567 est,

207 574 240 603 in
255 573 361 614 hisque
376 574 510 614 primum
531 575 625 614 ipsius
648 574 840 614 Pythagorae,
862 573 969 604 deinde
990 578 1093 613 postea

209 617 481 657 Pythagoreorum,
498 623 617 647 tantum
633 627 741 647 nomen
754 622 840 655 esset,
856 622 1026 646 nostrorum
1037 615 1092 645 ho-

209 660 329 689 minum
355 660 393 689 ad
419 670 523 690 eorum
549 660 732 690 doctissimas
758 670 842 690 voces
868 669 953 689 aures
979 658 1094 688 clausas

208 702 325 732 fuisse?
349 702 527 740 Quinetiam
545 702 681 740 arbitror,
697 708 818 743 propter
835 702 1094 743 Pythagoreorum

212 745 453 782 admirationem,
483 746 621 775 Numam
657 756 778 786 quoque
807 755 908 786 regem
940 744 1094 784 Pythago-

210 798 297 818 reum
317 798 335 818 a
355 789 566 828 posterioribus
587 788 801 819 existimatum.
835 788 919 818 Nam
942 797 1013 817 cum
1033 787 1095 827 Py-

210 831 344 871 thagorae
364 831 553 872 disciplinam
570 837 598 861 et
613 832 749 861 instituta
764 836 983 872 cognoscerent,
1003 829 1095 870 regis-

212 884 272 915 que
288 875 352 913 cjus
368 875 540 915 aequitatem
562 880 590 904 et
612 874 788 915 sapientiam
810 885 827 904 a
846 874 1011 913 majoribus
1033 872 1096 902 suis

211 917 402 957 accepissent,
416 923 515 948 aetates
525 924 624 947 autem
639 924 667 947 et
679 923 813 957 tempora
824 917 994 957 ignorarent
1005 925 1095 956 prop-

212 964 257 989 ter
273 966 461 997 vetustatem,
479 970 560 998 eum,
575 961 627 1001 qui
639 960 784 1000 sapientia
796 960 963 998 excelleret,
981 958 1096 999 Pytha-

212 1012 293 1043 gorae
308 1002 474 1033 auditorem
490 1003 580 1033 fuisse
596 1003 792 1033 crediderunt.

259 1045 304 1075 ΙΙ.
328 1045 371 1075 Et
385 1045 422 1075 de
437 1046 606 1085 conjectura
626 1046 748 1086 quidem
769 1046 922 1076 hactenus.
960 1043 1098 1084 Vestigia

214 1094 316 1118 autem
333 1089 592 1129 Pythagoreorum
608 1099 795 1129 quamquam
810 1089 908 1118 multa
919 1087 1019 1127 colligi
1029 1097 1098 1127 pos-

214 1136 296 1168 sunt,
319 1132 421 1171 paucis
437 1138 537 1162 tamen
553 1138 684 1169 utemur,
708 1132 852 1172 quoniam
873 1140 933 1161 non
952 1130 983 1160 id
999 1129 1099 1170 agitur

214 1174 271 1204 hoc
290 1179 432 1214 tempore.
472 1175 567 1212 Nam,
591 1185 660 1205 cum
682 1175 863 1204 carminibus
884 1173 962 1204 soliti
977 1172 1022 1202 illi
1037 1182 1100 1202 esse

216 1217 354 1246 dicantur
376 1223 405 1247 et
424 1224 573 1257 praecepta
593 1217 732 1258 quaedam
751 1217 895 1248 occultius
919 1215 1045 1253 tradere,
1069 1221 1099 1245 et

214 1265 329 1289 mentes
339 1271 417 1297 suas,
431 1271 449 1290 a
460 1261 675 1300 cogitationum
687 1260 861 1297 intentione,
873 1265 962 1290 cantu
975 1258 1102 1289 fidibus-

216 1313 275 1343 que
287 1302 325 1332 ad
337 1303 586 1343 tranquillitatem
600 1304 772 1339 traducere;
789 1302 982 1343 gravissimus
997 1307 1101 1331 auctor

216 1346 248 1376 in
275 1348 296 1362 ‘⁶
310 1346 510 1385 Originibus”
532 1346 609 1376 dixit
631 1346 717 1382 Cato,
741 1356 856 1376 morem
876 1345 958 1386 apud
972 1345 1101 1384 majores

217 1388 299 1419 hunc
315 1389 473 1428 epularum
489 1388 590 1425 fuisse,
614 1395 649 1419 ut
669 1389 818 1429 deinceps,
842 1388 895 1429 qui
911 1389 1101 1423 accubamut,

217 1437 357 1462 canerent
377 1431 415 1461 ad
436 1431 540 1462 tibiam
562 1432 710 1462 clarorum
731 1432 863 1462 virorum
887 1430 991 1461 laudes
1011 1436 1104 1470 atque

219 1474 353 1504 virtutes.
391 1474 442 1504 Ex
469 1485 529 1515 quo
554 1475 746 1515 perspicuum
773 1480 827 1511 est,
854 1480 883 1504 et
909 1479 1013 1504 cantus
1035 1479 1103 1504 tum

218 1516 310 1547 fuisse
325 1517 480 1558 rescriptos
496 1528 604 1548 vocum
620 1518 709 1555 sonis,
726 1524 755 1547 et
770 1517 912 1548 carmina.

263 1559 462 1600 Quamquam
478 1560 509 1590 id
524 1561 647 1601 quidem
669 1561 759 1591 etiam
780 1560 860 1590 XII.
878 1559 990 1590 tabulae
1005 1558 1104 1589 decla-

220 1608 299 1640 rant,
323 1603 409 1632 condi
421 1604 486 1642 jam
507 1610 573 1633 tum
592 1604 714 1634 solitum
730 1614 791 1634 esse
806 1612 945 1633 carmen:
970 1601 1051 1643 quod
1067 1611 1106 1632 ne

219 1645 321 1675 liceret
333 1645 396 1676 fieri
408 1646 446 1676 ad
461 1647 582 1676 alterius
594 1647 748 1686 injuriam,
765 1647 830 1687 lege
842 1651 1013 1676 sanxerunt.
1037 1644 1070 1675 N
1073 1654 1106 1676 ec

220 1698 290 1719 vero
310 1688 387 1720 illud
406 1699 467 1720 non
492 1690 677 1720 eruditorum
698 1696 868 1730 temporum
890 1693 1106 1729 argumentum

220 1737 274 1769 est,
298 1731 380 1773 quod
403 1738 432 1764 et
447 1731 583 1766 Deorum
607 1732 826 1775 pulvinaribus,
849 1738 878 1764 et
893 1731 988 1773 epulis
1008 1730 1105 1772 magi-
