<?xml version="1.0" encoding="UTF-8"?>
<!DOCTYPE html PUBLIC "-//W3C//DTD XHTML 1.0 Transitional//EN"
    "http://www.w3.org/TR/xhtml1/DTD/xhtml1-transitional.dtd">
<html xmlns="http://www.w3.org/1999/xhtml" xml:lang="en" lang="en">
 <head>
  <title>
</title>
<meta http-equiv="Content-Type" content="text/html;charset=utf-8" />
  <meta name='ocr-system' content='tesseract 3.04.00' />
  <meta name='ocr-capabilities' content='ocr_page ocr_carea ocr_par ocr_line ocrx_word'/>
</head>
<body>
  <div class='ocr_page' id='page_1' title='image "./operaern03ciceuoft_0208.png"; bbox 0 0 1226 1935; ppageno 0'>
   <div class='ocr_carea' id='block_1_1' title="bbox 200 52 979 92">
    <p class='ocr_par' dir='ltr' id='par_1_1' title="bbox 200 52 979 92">
     <span class='ocr_line' id='line_1_1' title="bbox 200 52 979 92; baseline 0.001 -9"><span class='ocrx_word' id='word_1_1' title='bbox 200 53 259 84; x_wconf 83' lang='lat'>194</span> <span class='ocrx_word' id='word_1_2' title='bbox 318 52 441 84; x_wconf 88' lang='lat' dir='ltr'><strong>TUSC.</strong></span> <span class='ocrx_word' id='word_1_3' title='bbox 459 53 631 92; x_wconf 80' lang='lat' dir='ltr'><strong>QUAEST.</strong></span> <span class='ocrx_word' id='word_1_4' title='bbox 649 53 728 84; x_wconf 80' lang='lat' dir='ltr'>Lm.</span> <span class='ocrx_word' id='word_1_5' title='bbox 743 52 810 84; x_wconf 93' lang='lat' dir='ltr'>III.</span> <span class='ocrx_word' id='word_1_6' title='bbox 827 53 910 84; x_wconf 78' lang='lat' dir='ltr'>CAP.</span> <span class='ocrx_word' id='word_1_7' title='bbox 930 54 979 84; x_wconf 77' lang='lat'>14.</span> 
     </span>
    </p>
   </div>
   <div class='ocr_carea' id='block_1_2' title="bbox 195 139 1086 393">
    <p class='ocr_par' dir='ltr' id='par_1_2' title="bbox 195 139 1086 393">
     <span class='ocr_line' id='line_1_2' title="bbox 196 139 1086 180; baseline 0.001 -11"><span class='ocrx_word' id='word_1_8' title='bbox 196 139 275 175; x_wconf 82' lang='lat' dir='ltr'>lum,</span> <span class='ocrx_word' id='word_1_9' title='bbox 300 139 324 169; x_wconf 88' lang='lat' dir='ltr'>si</span> <span class='ocrx_word' id='word_1_10' title='bbox 346 139 377 169; x_wconf 92' lang='lat' dir='ltr'>id</span> <span class='ocrx_word' id='word_1_11' title='bbox 403 139 459 169; x_wconf 87' lang='lat' dir='ltr'>sibi</span> <span class='ocrx_word' id='word_1_12' title='bbox 485 139 624 170; x_wconf 82' lang='lat' dir='ltr'>accidisse</span> <span class='ocrx_word' id='word_1_13' title='bbox 650 139 801 180; x_wconf 83' lang='lat' dir='ltr'>opinetur,</span> <span class='ocrx_word' id='word_1_14' title='bbox 825 139 863 170; x_wconf 88' lang='lat' dir='ltr'>sit</span> <span class='ocrx_word' id='word_1_15' title='bbox 890 139 1032 170; x_wconf 82' lang='lat' dir='ltr'>continuo</span> <span class='ocrx_word' id='word_1_16' title='bbox 1054 140 1086 170; x_wconf 86' lang='lat' dir='ltr'>in</span> 
     </span>
     <span class='ocr_line' id='line_1_3' title="bbox 198 182 1086 223; baseline 0.002 -12"><span class='ocrx_word' id='word_1_17' title='bbox 198 182 385 221; x_wconf 78' lang='lat' dir='ltr'>aegritudine.</span> <span class='ocrx_word' id='word_1_18' title='bbox 426 182 585 223; x_wconf 71' lang='lat' dir='ltr'>Cyrenaici</span> <span class='ocrx_word' id='word_1_19' title='bbox 603 193 662 213; x_wconf 89' lang='lat' dir='ltr'>non</span> <span class='ocrx_word' id='word_1_20' title='bbox 679 184 763 213; x_wconf 88' lang='lat' dir='ltr'>omni</span> <span class='ocrx_word' id='word_1_21' title='bbox 778 183 860 213; x_wconf 87' lang='lat' dir='ltr'>malo</span> <span class='ocrx_word' id='word_1_22' title='bbox 876 183 1086 223; x_wconf 70' lang='lat' dir='ltr'>aegritudinem</span> 
     </span>
     <span class='ocr_line' id='line_1_4' title="bbox 196 225 1086 266; baseline 0.003 -12"><span class='ocrx_word' id='word_1_23' title='bbox 196 225 271 255; x_wconf 83' lang='lat' dir='ltr'>effici</span> <span class='ocrx_word' id='word_1_24' title='bbox 288 231 418 261; x_wconf 86' lang='lat' dir='ltr'>censent,</span> <span class='ocrx_word' id='word_1_25' title='bbox 433 226 483 256; x_wconf 89' lang='lat' dir='ltr'>sed</span> <span class='ocrx_word' id='word_1_26' title='bbox 498 226 649 266; x_wconf 73' lang='lat' dir='ltr'>insperato</span> <span class='ocrx_word' id='word_1_27' title='bbox 664 231 693 256; x_wconf 89' lang='lat' dir='ltr'>et</span> <span class='ocrx_word' id='word_1_28' title='bbox 708 226 885 266; x_wconf 84' lang='lat' dir='ltr'>necopinato</span> <span class='ocrx_word' id='word_1_29' title='bbox 902 227 992 256; x_wconf 90' lang='lat' dir='ltr'>malo.</span> <span class='ocrx_word' id='word_1_30' title='bbox 1028 226 1086 257; x_wconf 85' lang='lat' dir='ltr'>Est</span> 
     </span>
     <span class='ocr_line' id='line_1_5' title="bbox 195 268 1083 309; baseline 0.002 -12"><span class='ocrx_word' id='word_1_31' title='bbox 195 268 225 297; x_wconf 94' lang='lat' dir='ltr'>id</span> <span class='ocrx_word' id='word_1_32' title='bbox 239 268 362 308; x_wconf 89' lang='lat' dir='ltr'>quidem</span> <span class='ocrx_word' id='word_1_33' title='bbox 378 278 437 299; x_wconf 89' lang='lat' dir='ltr'>non</span> <span class='ocrx_word' id='word_1_34' title='bbox 454 269 602 299; x_wconf 83' lang='lat' dir='ltr'><strong>mediocre</strong></span> <span class='ocrx_word' id='word_1_35' title='bbox 618 268 655 299; x_wconf 82' lang='lat' dir='ltr'>ad</span> <span class='ocrx_word' id='word_1_36' title='bbox 672 269 881 309; x_wconf 63' lang='lat' dir='ltr'>aegritudinem</span> <span class='ocrx_word' id='word_1_37' title='bbox 893 269 1083 309; x_wconf 77' lang='lat' dir='ltr'>augendam:</span> 
     </span>
     <span class='ocr_line' id='line_1_6' title="bbox 195 311 1086 353; baseline 0.002 -13"><span class='ocrx_word' id='word_1_38' title='bbox 195 311 335 341; x_wconf 90' lang='lat' dir='ltr'>videntur</span> <span class='ocrx_word' id='word_1_39' title='bbox 350 312 430 341; x_wconf 90' lang='lat' dir='ltr'>enim</span> <span class='ocrx_word' id='word_1_40' title='bbox 447 312 549 342; x_wconf 86' lang='lat' dir='ltr'>omnia</span> <span class='ocrx_word' id='word_1_41' title='bbox 564 312 721 353; x_wconf 86' lang='lat' dir='ltr'>repentina</span> <span class='ocrx_word' id='word_1_42' title='bbox 736 312 882 353; x_wconf 83' lang='lat' dir='ltr'>graviora.</span> <span class='ocrx_word' id='word_1_43' title='bbox 918 312 969 343; x_wconf 87' lang='lat' dir='ltr'>Ex</span> <span class='ocrx_word' id='word_1_44' title='bbox 985 312 1042 342; x_wconf 87' lang='lat' dir='ltr'>hoc</span> <span class='ocrx_word' id='word_1_45' title='bbox 1057 318 1086 343; x_wconf 87' lang='lat' dir='ltr'>et</span> 
     </span>
     <span class='ocr_line' id='line_1_7' title="bbox 195 354 528 393; baseline 0.003 -9"><span class='ocrx_word' id='word_1_46' title='bbox 195 354 249 384; x_wconf 81' lang='lat' dir='ltr'>issa</span> <span class='ocrx_word' id='word_1_47' title='bbox 261 355 330 393; x_wconf 87' lang='lat' dir='ltr'>jure</span> <span class='ocrx_word' id='word_1_48' title='bbox 345 355 528 385; x_wconf 83' lang='lat' dir='ltr'>laudantur:</span> 
     </span>
    </p>
   </div>
   <div class='ocr_carea' id='block_1_3' title="bbox 239 413 1088 659">
    <p class='ocr_par' dir='ltr' id='par_1_3' title="bbox 240 413 1088 487">
     <span class='ocr_line' id='line_1_8' title="bbox 240 413 1088 455; baseline 0.002 -12"><span class='ocrx_word' id='word_1_49' title='bbox 240 414 262 430; x_wconf 81' lang='grc'>“</span> <span class='ocrx_word' id='word_1_50' title='bbox 279 413 359 453; x_wconf 82' lang='lat' dir='ltr'>Ego,</span> <span class='ocrx_word' id='word_1_51' title='bbox 377 424 447 444; x_wconf 90' lang='lat' dir='ltr'>cum</span> <span class='ocrx_word' id='word_1_52' title='bbox 463 413 566 455; x_wconf 85' lang='lat' dir='ltr'>genui,</span> <span class='ocrx_word' id='word_1_53' title='bbox 578 420 645 445; x_wconf 90' lang='lat' dir='ltr'>tum</span> <span class='ocrx_word' id='word_1_54' title='bbox 661 415 845 445; x_wconf 88' lang='lat' dir='ltr'>moriturum</span> <span class='ocrx_word' id='word_1_55' title='bbox 857 414 940 452; x_wconf 87' lang='lat' dir='ltr'>scivi,</span> <span class='ocrx_word' id='word_1_56' title='bbox 958 420 987 445; x_wconf 84' lang='lat' dir='ltr'>et</span> <span class='ocrx_word' id='word_1_57' title='bbox 1003 414 1030 445; x_wconf 92' lang='lat' dir='ltr'>ei</span> <span class='ocrx_word' id='word_1_58' title='bbox 1046 414 1088 445; x_wconf 90' lang='lat' dir='ltr'>rei</span> 
     </span>
     <span class='ocr_line' id='line_1_9' title="bbox 326 458 444 487; baseline 0 0"><span class='ocrx_word' id='word_1_59' title='bbox 326 458 444 487; x_wconf 82' lang='lat' dir='ltr'>sustuli.</span> 
     </span>
    </p>

    <p class='ocr_par' dir='ltr' id='par_1_4' title="bbox 239 499 1085 580">
     <span class='ocr_line' id='line_1_10' title="bbox 239 499 1085 539; baseline 0.002 -10"><span class='ocrx_word' id='word_1_60' title='bbox 239 499 389 530; x_wconf 87' lang='lat' dir='ltr'>Praeterea</span> <span class='ocrx_word' id='word_1_61' title='bbox 408 500 447 530; x_wconf 87' lang='lat' dir='ltr'>ad</span> <span class='ocrx_word' id='word_1_62' title='bbox 469 500 598 539; x_wconf 90' lang='lat' dir='ltr'>Trojam</span> <span class='ocrx_word' id='word_1_63' title='bbox 621 511 692 531; x_wconf 87' lang='lat' dir='ltr'>cum</span> <span class='ocrx_word' id='word_1_64' title='bbox 713 500 783 531; x_wconf 90' lang='lat' dir='ltr'>misi</span> <span class='ocrx_word' id='word_1_65' title='bbox 804 502 843 531; x_wconf 93' lang='lat' dir='ltr'>ob</span> <span class='ocrx_word' id='word_1_66' title='bbox 864 500 1085 531; x_wconf 85' lang='lat' dir='ltr'><strong>defendendam</strong></span> 
     </span>
     <span class='ocr_line' id='line_1_11' title="bbox 326 543 488 580; baseline 0 -8"><span class='ocrx_word' id='word_1_67' title='bbox 326 543 488 580; x_wconf 85' lang='lat' dir='ltr'>Graeciam,</span> 
     </span>
    </p>

    <p class='ocr_par' dir='ltr' id='par_1_5' title="bbox 239 584 1086 659">
     <span class='ocr_line' id='line_1_12' title="bbox 239 584 1086 628; baseline 0.002 -13"><span class='ocrx_word' id='word_1_68' title='bbox 239 584 377 616; x_wconf 87' lang='lat' dir='ltr'><strong>Sciebam</strong></span> <span class='ocrx_word' id='word_1_69' title='bbox 392 597 442 616; x_wconf 89' lang='lat' dir='ltr'>me</span> <span class='ocrx_word' id='word_1_70' title='bbox 456 586 488 616; x_wconf 90' lang='lat' dir='ltr'>in</span> <span class='ocrx_word' id='word_1_71' title='bbox 504 585 697 617; x_wconf 75' lang='lat' dir='ltr'>mortiferum</span> <span class='ocrx_word' id='word_1_72' title='bbox 707 586 835 625; x_wconf 88' lang='lat' dir='ltr'>bellum,</span> <span class='ocrx_word' id='word_1_73' title='bbox 846 596 908 617; x_wconf 89' lang='lat' dir='ltr'>non</span> <span class='ocrx_word' id='word_1_74' title='bbox 922 586 954 616; x_wconf 89' lang='lat' dir='ltr'>in</span> <span class='ocrx_word' id='word_1_75' title='bbox 970 587 1086 628; x_wconf 84' lang='lat' dir='ltr'>epulas,</span> 
     </span>
     <span class='ocr_line' id='line_1_13' title="bbox 324 629 476 659; baseline 0.007 -1"><span class='ocrx_word' id='word_1_76' title='bbox 324 629 476 659; x_wconf 88' lang='lat' dir='ltr'>mittere.&#39;&#39;</span> 
     </span>
    </p>
   </div>
   <div class='ocr_carea' id='block_1_4' title="bbox 191 699 1088 911">
    <p class='ocr_par' dir='ltr' id='par_1_6' title="bbox 191 699 1088 911">
     <span class='ocr_line' id='line_1_14' title="bbox 237 699 1087 742; baseline -0.001 -11"><span class='ocrx_word' id='word_1_77' title='bbox 237 700 332 731; x_wconf 90' lang='lat' dir='ltr'>XIV.</span> <span class='ocrx_word' id='word_1_78' title='bbox 367 700 444 731; x_wconf 85' lang='lat' dir='ltr'>Haec</span> <span class='ocrx_word' id='word_1_79' title='bbox 459 700 553 741; x_wconf 85' lang='lat' dir='ltr'>igitur</span> <span class='ocrx_word' id='word_1_80' title='bbox 568 700 787 742; x_wconf 83' lang='lat' dir='ltr'>praemeditatio</span> <span class='ocrx_word' id='word_1_81' title='bbox 802 700 976 730; x_wconf 88' lang='lat' dir='ltr'>futurorum</span> <span class='ocrx_word' id='word_1_82' title='bbox 991 699 1087 730; x_wconf 88' lang='lat' dir='ltr'>malo-</span> 
     </span>
     <span class='ocr_line' id='line_1_15' title="bbox 194 743 1088 784; baseline -0.001 -10"><span class='ocrx_word' id='word_1_83' title='bbox 194 754 264 775; x_wconf 86' lang='lat' dir='ltr'>rum</span> <span class='ocrx_word' id='word_1_84' title='bbox 280 744 355 774; x_wconf 88' lang='lat' dir='ltr'>lenit</span> <span class='ocrx_word' id='word_1_85' title='bbox 369 754 474 774; x_wconf 87' lang='lat' dir='ltr'>eorum</span> <span class='ocrx_word' id='word_1_86' title='bbox 490 744 667 780; x_wconf 82' lang='lat' dir='ltr'>adventum,</span> <span class='ocrx_word' id='word_1_87' title='bbox 682 755 750 784; x_wconf 85' lang='lat' dir='ltr'>quae</span> <span class='ocrx_word' id='word_1_88' title='bbox 766 744 915 774; x_wconf 84' lang='lat' dir='ltr'>venientia</span> <span class='ocrx_word' id='word_1_89' title='bbox 929 743 1018 783; x_wconf 83' lang='lat' dir='ltr'>longe</span> <span class='ocrx_word' id='word_1_90' title='bbox 1033 753 1088 773; x_wconf 90' lang='lat' dir='ltr'>an-</span> 
     </span>
     <span class='ocr_line' id='line_1_16' title="bbox 191 786 1088 828; baseline -0.003 -10"><span class='ocrx_word' id='word_1_91' title='bbox 191 794 221 818; x_wconf 92' lang='lat' dir='ltr'>te</span> <span class='ocrx_word' id='word_1_92' title='bbox 247 787 366 818; x_wconf 89' lang='lat' dir='ltr'>videris.</span> <span class='ocrx_word' id='word_1_93' title='bbox 403 788 512 828; x_wconf 84' lang='lat' dir='ltr'>Itaque</span> <span class='ocrx_word' id='word_1_94' title='bbox 535 788 617 828; x_wconf 89' lang='lat' dir='ltr'>apud</span> <span class='ocrx_word' id='word_1_95' title='bbox 636 787 817 828; x_wconf 86' lang='lat' dir='ltr'>Euripidem</span> <span class='ocrx_word' id='word_1_96' title='bbox 833 797 851 816; x_wconf 90' lang='lat' dir='ltr'>a</span> <span class='ocrx_word' id='word_1_97' title='bbox 866 787 986 816; x_wconf 87' lang='lat' dir='ltr'>Theseo</span> <span class='ocrx_word' id='word_1_98' title='bbox 1008 786 1088 816; x_wconf 86' lang='lat' dir='ltr'>dicta</span> 
     </span>
     <span class='ocr_line' id='line_1_17' title="bbox 193 829 1087 871; baseline -0.003 -10"><span class='ocrx_word' id='word_1_99' title='bbox 193 831 366 861; x_wconf 86' lang='lat' dir='ltr'>laudantur.</span> <span class='ocrx_word' id='word_1_100' title='bbox 401 830 501 863; x_wconf 86' lang='lat' dir='ltr'>(Licet</span> <span class='ocrx_word' id='word_1_101' title='bbox 522 830 615 869; x_wconf 84' lang='lat' dir='ltr'>enim,</span> <span class='ocrx_word' id='word_1_102' title='bbox 637 836 672 861; x_wconf 87' lang='lat' dir='ltr'>ut</span> <span class='ocrx_word' id='word_1_103' title='bbox 692 841 770 871; x_wconf 86' lang='lat' dir='ltr'>saepe</span> <span class='ocrx_word' id='word_1_104' title='bbox 791 830 930 867; x_wconf 87' lang='lat' dir='ltr'>facimus,</span> <span class='ocrx_word' id='word_1_105' title='bbox 947 829 979 858; x_wconf 86' lang='lat' dir='ltr'>in</span> <span class='ocrx_word' id='word_1_106' title='bbox 1002 829 1087 859; x_wconf 84' lang='lat' dir='ltr'>Lati-</span> 
     </span>
     <span class='ocr_line' id='line_1_18' title="bbox 196 874 551 911; baseline -0.003 -7"><span class='ocrx_word' id='word_1_107' title='bbox 196 884 273 904; x_wconf 88' lang='lat' dir='ltr'>num</span> <span class='ocrx_word' id='word_1_108' title='bbox 289 874 342 904; x_wconf 89' lang='lat' dir='ltr'>illa</span> <span class='ocrx_word' id='word_1_109' title='bbox 357 879 551 911; x_wconf 86' lang='lat' dir='ltr'>convertere.)</span> 
     </span>
    </p>
   </div>
   <div class='ocr_carea' id='block_1_5' title="bbox 234 932 1085 1189">
    <p class='ocr_par' dir='ltr' id='par_1_7' title="bbox 237 932 1085 1006">
     <span class='ocr_line' id='line_1_19' title="bbox 238 932 1085 973; baseline 0 -11"><span class='ocrx_word' id='word_1_110' title='bbox 238 934 261 951; x_wconf 74' lang='lat'>‘⁶</span> <span class='ocrx_word' id='word_1_111' title='bbox 275 933 371 970; x_wconf 88' lang='lat' dir='ltr'>Nam,</span> <span class='ocrx_word' id='word_1_112' title='bbox 389 932 442 973; x_wconf 91' lang='lat' dir='ltr'>qui</span> <span class='ocrx_word' id='word_1_113' title='bbox 457 932 521 962; x_wconf 87' lang='lat' dir='ltr'>haec</span> <span class='ocrx_word' id='word_1_114' title='bbox 536 932 639 962; x_wconf 84' lang='lat' dir='ltr'>audita</span> <span class='ocrx_word' id='word_1_115' title='bbox 654 943 672 962; x_wconf 91' lang='lat' dir='ltr'>a</span> <span class='ocrx_word' id='word_1_116' title='bbox 686 932 773 963; x_wconf 84' lang='lat' dir='ltr'>docto</span> <span class='ocrx_word' id='word_1_117' title='bbox 788 932 993 963; x_wconf 83' lang='lat' dir='ltr'>meminissem</span> <span class='ocrx_word' id='word_1_118' title='bbox 1009 932 1085 970; x_wconf 80' lang='lat' dir='ltr'>viro,</span> 
     </span>
     <span class='ocr_line' id='line_1_20' title="bbox 237 976 906 1006; baseline 0 -1"><span class='ocrx_word' id='word_1_119' title='bbox 237 976 370 1006; x_wconf 84' lang='lat' dir='ltr'>Futuras</span> <span class='ocrx_word' id='word_1_120' title='bbox 385 986 506 1006; x_wconf 87' lang='lat' dir='ltr'>mecum</span> <span class='ocrx_word' id='word_1_121' title='bbox 522 977 748 1006; x_wconf 86' lang='lat' dir='ltr'>commentabar</span> <span class='ocrx_word' id='word_1_122' title='bbox 763 976 906 1006; x_wconf 74' lang='lat' dir='ltr'>miserias.</span> 
     </span>
    </p>

    <p class='ocr_par' dir='ltr' id='par_1_8' title="bbox 234 1019 1084 1103">
     <span class='ocr_line' id='line_1_21' title="bbox 234 1019 1084 1059; baseline -0.001 -10"><span class='ocrx_word' id='word_1_123' title='bbox 234 1019 304 1049; x_wconf 84' lang='lat' dir='ltr'>Aut</span> <span class='ocrx_word' id='word_1_124' title='bbox 318 1025 445 1049; x_wconf 87' lang='lat' dir='ltr'>mortem</span> <span class='ocrx_word' id='word_1_125' title='bbox 463 1020 613 1056; x_wconf 85' lang='lat' dir='ltr'>acerbam,</span> <span class='ocrx_word' id='word_1_126' title='bbox 629 1024 682 1048; x_wconf 89' lang='lat' dir='ltr'>aut</span> <span class='ocrx_word' id='word_1_127' title='bbox 698 1019 794 1048; x_wconf 82' lang='lat' dir='ltr'>exsilii</span> <span class='ocrx_word' id='word_1_128' title='bbox 810 1025 947 1048; x_wconf 68' lang='lat' dir='ltr'>moestam</span> <span class='ocrx_word' id='word_1_129' title='bbox 964 1019 1084 1059; x_wconf 85' lang='lat' dir='ltr'>fugam,</span> 
     </span>
     <span class='ocr_line' id='line_1_22' title="bbox 235 1062 1009 1103; baseline -0.001 -11"><span class='ocrx_word' id='word_1_130' title='bbox 235 1064 304 1092; x_wconf 86' lang='lat' dir='ltr'>Aut</span> <span class='ocrx_word' id='word_1_131' title='bbox 320 1072 438 1102; x_wconf 85' lang='lat' dir='ltr'>semper</span> <span class='ocrx_word' id='word_1_132' title='bbox 452 1062 588 1103; x_wconf 83' lang='lat' dir='ltr'>aliquam</span> <span class='ocrx_word' id='word_1_133' title='bbox 603 1062 716 1092; x_wconf 85' lang='lat' dir='ltr'>molem</span> <span class='ocrx_word' id='word_1_134' title='bbox 732 1062 900 1092; x_wconf 87' lang='lat' dir='ltr'>meditabar</span> <span class='ocrx_word' id='word_1_135' title='bbox 915 1062 1009 1097; x_wconf 73' lang='lat' dir='ltr'>mali3</span> 
     </span>
    </p>

    <p class='ocr_par' dir='ltr' id='par_1_9' title="bbox 236 1105 835 1145">
     <span class='ocr_line' id='line_1_23' title="bbox 236 1105 835 1145; baseline -0.002 -10"><span class='ocrx_word' id='word_1_136' title='bbox 236 1106 292 1142; x_wconf 89' lang='lat' dir='ltr'>Ut,</span> <span class='ocrx_word' id='word_1_137' title='bbox 309 1105 396 1145; x_wconf 87' lang='lat' dir='ltr'>siqua</span> <span class='ocrx_word' id='word_1_138' title='bbox 410 1105 528 1135; x_wconf 89' lang='lat' dir='ltr'>invecta</span> <span class='ocrx_word' id='word_1_139' title='bbox 543 1105 646 1134; x_wconf 88' lang='lat' dir='ltr'>diritas</span> <span class='ocrx_word' id='word_1_140' title='bbox 662 1115 731 1135; x_wconf 89' lang='lat' dir='ltr'>casu</span> <span class='ocrx_word' id='word_1_141' title='bbox 748 1105 835 1141; x_wconf 84' lang='lat' dir='ltr'>foret,</span> 
     </span>
    </p>

    <p class='ocr_par' dir='ltr' id='par_1_10' title="bbox 235 1147 951 1189">
     <span class='ocr_line' id='line_1_24' title="bbox 235 1147 951 1189; baseline -0.001 -10"><span class='ocrx_word' id='word_1_142' title='bbox 235 1148 287 1179; x_wconf 90' lang='lat' dir='ltr'>Ne</span> <span class='ocrx_word' id='word_1_143' title='bbox 302 1158 351 1178; x_wconf 89' lang='lat' dir='ltr'>me</span> <span class='ocrx_word' id='word_1_144' title='bbox 366 1148 552 1189; x_wconf 87' lang='lat' dir='ltr'>imparatum</span> <span class='ocrx_word' id='word_1_145' title='bbox 568 1158 640 1178; x_wconf 87' lang='lat' dir='ltr'>cura</span> <span class='ocrx_word' id='word_1_146' title='bbox 654 1148 797 1178; x_wconf 86' lang='lat' dir='ltr'>laceraret</span> <span class='ocrx_word' id='word_1_147' title='bbox 812 1147 951 1188; x_wconf 86' lang='lat' dir='ltr'>repens.&#39;’</span> 
     </span>
    </p>
   </div>
   <div class='ocr_carea' id='block_1_6' title="bbox 189 1217 1087 1735">
    <p class='ocr_par' dir='ltr' id='par_1_11' title="bbox 189 1217 1087 1735">
     <span class='ocr_line' id='line_1_25' title="bbox 192 1217 1087 1256; baseline 0.001 -8"><span class='ocrx_word' id='word_1_148' title='bbox 192 1218 286 1256; x_wconf 89' lang='lat' dir='ltr'>Quod</span> <span class='ocrx_word' id='word_1_149' title='bbox 302 1224 405 1248; x_wconf 88' lang='lat' dir='ltr'>autem</span> <span class='ocrx_word' id='word_1_150' title='bbox 421 1218 559 1249; x_wconf 89' lang='lat' dir='ltr'>Theseus</span> <span class='ocrx_word' id='word_1_151' title='bbox 575 1229 593 1248; x_wconf 92' lang='lat' dir='ltr'>a</span> <span class='ocrx_word' id='word_1_152' title='bbox 613 1218 700 1248; x_wconf 84' lang='lat' dir='ltr'>docto</span> <span class='ocrx_word' id='word_1_153' title='bbox 716 1229 746 1248; x_wconf 88' lang='lat' dir='ltr'>se</span> <span class='ocrx_word' id='word_1_154' title='bbox 767 1218 887 1248; x_wconf 78' lang='lat' dir='ltr'>audisse</span> <span class='ocrx_word' id='word_1_155' title='bbox 902 1218 985 1255; x_wconf 85' lang='lat' dir='ltr'>dicit,</span> <span class='ocrx_word' id='word_1_156' title='bbox 1001 1217 1033 1248; x_wconf 88' lang='lat' dir='ltr'>id</span> <span class='ocrx_word' id='word_1_157' title='bbox 1048 1218 1087 1249; x_wconf 90' lang='lat' dir='ltr'>de</span> 
     </span>
     <span class='ocr_line' id='line_1_26' title="bbox 191 1261 1086 1302; baseline 0 -10"><span class='ocrx_word' id='word_1_158' title='bbox 191 1262 287 1302; x_wconf 85' lang='lat' dir='ltr'>seipso</span> <span class='ocrx_word' id='word_1_159' title='bbox 299 1261 435 1302; x_wconf 85' lang='lat' dir='ltr'>loquitur</span> <span class='ocrx_word' id='word_1_160' title='bbox 442 1261 614 1302; x_wconf 88' lang='lat' dir='ltr'>Euripides.</span> <span class='ocrx_word' id='word_1_161' title='bbox 634 1262 747 1292; x_wconf 87' lang='lat' dir='ltr'>Fuerat</span> <span class='ocrx_word' id='word_1_162' title='bbox 758 1261 838 1291; x_wconf 81' lang='lat' dir='ltr'>enim</span> <span class='ocrx_word' id='word_1_163' title='bbox 850 1261 969 1291; x_wconf 83' lang='lat' dir='ltr'>auditor</span> <span class='ocrx_word' id='word_1_164' title='bbox 976 1261 1086 1292; x_wconf 79' lang='lat' dir='ltr'>Anax—</span> 
     </span>
     <span class='ocr_line' id='line_1_27' title="bbox 189 1304 1084 1345; baseline -0.001 -10"><span class='ocrx_word' id='word_1_165' title='bbox 189 1316 309 1345; x_wconf 84' lang='lat' dir='ltr'>agorae;</span> <span class='ocrx_word' id='word_1_166' title='bbox 334 1315 427 1345; x_wconf 90' lang='lat' dir='ltr'>quem</span> <span class='ocrx_word' id='word_1_167' title='bbox 450 1305 562 1341; x_wconf 86' lang='lat' dir='ltr'>ferunt,</span> <span class='ocrx_word' id='word_1_168' title='bbox 588 1305 728 1334; x_wconf 66' lang='lat' dir='ltr'>nuntiata</span> <span class='ocrx_word' id='word_1_169' title='bbox 751 1311 848 1334; x_wconf 78' lang='lat' dir='ltr'>morte</span> <span class='ocrx_word' id='word_1_170' title='bbox 868 1304 934 1341; x_wconf 83' lang='lat' dir='ltr'>filii,</span> <span class='ocrx_word' id='word_1_171' title='bbox 962 1304 1084 1341; x_wconf 79' lang='lat' dir='ltr'>dixisse,</span> 
     </span>
     <span class='ocr_line' id='line_1_28' title="bbox 191 1347 1086 1388; baseline -0.001 -10"><span class='ocrx_word' id='word_1_172' title='bbox 191 1349 213 1365; x_wconf 64' lang='lat'>‘⁸</span> <span class='ocrx_word' id='word_1_173' title='bbox 223 1348 361 1378; x_wconf 79' lang='lat' dir='ltr'>Sciebam</span> <span class='ocrx_word' id='word_1_174' title='bbox 372 1358 421 1377; x_wconf 85' lang='lat' dir='ltr'>me</span> <span class='ocrx_word' id='word_1_175' title='bbox 431 1348 569 1388; x_wconf 82' lang='lat' dir='ltr'>genuisse</span> <span class='ocrx_word' id='word_1_176' title='bbox 580 1348 774 1377; x_wconf 85' lang='lat' dir='ltr'>mortalem.”</span> <span class='ocrx_word' id='word_1_177' title='bbox 788 1348 867 1384; x_wconf 61' lang='lat' dir='ltr'>Quae</span> <span class='ocrx_word' id='word_1_178' title='bbox 875 1358 932 1377; x_wconf 76' lang='lat' dir='ltr'>vox</span> <span class='ocrx_word' id='word_1_179' title='bbox 943 1347 1086 1384; x_wconf 75' lang='lat' dir='ltr'>declarat,</span> 
     </span>
     <span class='ocr_line' id='line_1_29' title="bbox 189 1390 1087 1431; baseline 0 -11"><span class='ocrx_word' id='word_1_180' title='bbox 189 1390 225 1421; x_wconf 90' lang='lat' dir='ltr'>iis</span> <span class='ocrx_word' id='word_1_181' title='bbox 237 1401 299 1421; x_wconf 86' lang='lat' dir='ltr'>esse</span> <span class='ocrx_word' id='word_1_182' title='bbox 311 1391 375 1421; x_wconf 87' lang='lat' dir='ltr'>haec</span> <span class='ocrx_word' id='word_1_183' title='bbox 390 1392 507 1427; x_wconf 88' lang='lat' dir='ltr'>acerba,</span> <span class='ocrx_word' id='word_1_184' title='bbox 522 1391 632 1431; x_wconf 90' lang='lat' dir='ltr'>quibus</span> <span class='ocrx_word' id='word_1_185' title='bbox 645 1401 705 1421; x_wconf 90' lang='lat' dir='ltr'>non</span> <span class='ocrx_word' id='word_1_186' title='bbox 722 1390 834 1420; x_wconf 84' lang='lat' dir='ltr'>fuerint</span> <span class='ocrx_word' id='word_1_187' title='bbox 846 1390 984 1430; x_wconf 73' lang='lat' dir='ltr'>cogitata.</span> <span class='ocrx_word' id='word_1_188' title='bbox 1002 1390 1087 1431; x_wconf 80' lang='lat' dir='ltr'>Ergo</span> 
     </span>
     <span class='ocr_line' id='line_1_30' title="bbox 190 1433 1087 1475; baseline 0 -12"><span class='ocrx_word' id='word_1_189' title='bbox 190 1433 222 1464; x_wconf 93' lang='lat' dir='ltr'>id</span> <span class='ocrx_word' id='word_1_190' title='bbox 237 1434 361 1475; x_wconf 89' lang='lat' dir='ltr'>quidem</span> <span class='ocrx_word' id='word_1_191' title='bbox 378 1444 438 1464; x_wconf 90' lang='lat' dir='ltr'>non</span> <span class='ocrx_word' id='word_1_192' title='bbox 455 1434 595 1471; x_wconf 85' lang='lat' dir='ltr'>dubium,</span> <span class='ocrx_word' id='word_1_193' title='bbox 619 1434 693 1475; x_wconf 91' lang='lat' dir='ltr'>quin</span> <span class='ocrx_word' id='word_1_194' title='bbox 717 1434 830 1469; x_wconf 82' lang='lat' dir='ltr'>omnia,</span> <span class='ocrx_word' id='word_1_195' title='bbox 848 1444 916 1474; x_wconf 79' lang='lat' dir='ltr'>quae</span> <span class='ocrx_word' id='word_1_196' title='bbox 932 1434 1013 1463; x_wconf 83' lang='lat' dir='ltr'>mala</span> <span class='ocrx_word' id='word_1_197' title='bbox 1028 1444 1087 1474; x_wconf 91' lang='lat' dir='ltr'>pu-</span> 
     </span>
     <span class='ocr_line' id='line_1_31' title="bbox 190 1477 1086 1518; baseline 0 -12"><span class='ocrx_word' id='word_1_198' title='bbox 190 1482 304 1513; x_wconf 85' lang='lat' dir='ltr'>tentur,</span> <span class='ocrx_word' id='word_1_199' title='bbox 329 1477 388 1506; x_wconf 88' lang='lat' dir='ltr'>sint</span> <span class='ocrx_word' id='word_1_200' title='bbox 403 1477 566 1518; x_wconf 76' lang='lat' dir='ltr'>improvisa</span> <span class='ocrx_word' id='word_1_201' title='bbox 581 1477 726 1517; x_wconf 86' lang='lat' dir='ltr'>graviora.</span> <span class='ocrx_word' id='word_1_202' title='bbox 758 1477 878 1517; x_wconf 81' lang='lat' dir='ltr'>Itaque,</span> <span class='ocrx_word' id='word_1_203' title='bbox 896 1487 1086 1516; x_wconf 83' lang='lat' dir='ltr'>quamquam</span> 
     </span>
     <span class='ocr_line' id='line_1_32' title="bbox 192 1519 1086 1559; baseline 0 -10"><span class='ocrx_word' id='word_1_204' title='bbox 192 1530 253 1549; x_wconf 90' lang='lat' dir='ltr'>non</span> <span class='ocrx_word' id='word_1_205' title='bbox 274 1520 338 1550; x_wconf 84' lang='lat' dir='ltr'>haec</span> <span class='ocrx_word' id='word_1_206' title='bbox 354 1530 416 1550; x_wconf 89' lang='lat' dir='ltr'>una</span> <span class='ocrx_word' id='word_1_207' title='bbox 431 1531 476 1550; x_wconf 81' lang='lat' dir='ltr'>res</span> <span class='ocrx_word' id='word_1_208' title='bbox 492 1520 581 1551; x_wconf 85' lang='lat' dir='ltr'>efficit</span> <span class='ocrx_word' id='word_1_209' title='bbox 597 1520 766 1550; x_wconf 82' lang='lat' dir='ltr'>maximam</span> <span class='ocrx_word' id='word_1_210' title='bbox 783 1519 1015 1559; x_wconf 73' lang='lat' dir='ltr'>aegritudinem;</span> <span class='ocrx_word' id='word_1_211' title='bbox 1040 1525 1086 1549; x_wconf 87' lang='lat' dir='ltr'>ta-</span> 
     </span>
     <span class='ocr_line' id='line_1_33' title="bbox 191 1562 1085 1604; baseline 0 -12"><span class='ocrx_word' id='word_1_212' title='bbox 191 1573 274 1599; x_wconf 88' lang='lat' dir='ltr'>men,</span> <span class='ocrx_word' id='word_1_213' title='bbox 291 1563 437 1603; x_wconf 89' lang='lat' dir='ltr'>quoniam</span> <span class='ocrx_word' id='word_1_214' title='bbox 453 1564 588 1593; x_wconf 87' lang='lat' dir='ltr'>multum</span> <span class='ocrx_word' id='word_1_215' title='bbox 604 1569 701 1604; x_wconf 83' lang='lat' dir='ltr'>potest</span> <span class='ocrx_word' id='word_1_216' title='bbox 713 1562 842 1604; x_wconf 79' lang='lat' dir='ltr'>provisio</span> <span class='ocrx_word' id='word_1_217' title='bbox 857 1562 953 1592; x_wconf 77' lang='lat' dir='ltr'>animi</span> <span class='ocrx_word' id='word_1_218' title='bbox 964 1568 993 1592; x_wconf 90' lang='lat' dir='ltr'>et</span> <span class='ocrx_word' id='word_1_219' title='bbox 1008 1573 1085 1603; x_wconf 85' lang='lat' dir='ltr'>prae-</span> 
     </span>
     <span class='ocr_line' id='line_1_34' title="bbox 191 1605 1087 1646; baseline -0.001 -11"><span class='ocrx_word' id='word_1_220' title='bbox 191 1605 307 1646; x_wconf 87' lang='lat' dir='ltr'>paratio</span> <span class='ocrx_word' id='word_1_221' title='bbox 323 1606 361 1635; x_wconf 92' lang='lat' dir='ltr'>ad</span> <span class='ocrx_word' id='word_1_222' title='bbox 376 1606 578 1637; x_wconf 88' lang='lat' dir='ltr'>minuendum</span> <span class='ocrx_word' id='word_1_223' title='bbox 594 1606 750 1642; x_wconf 72' lang='lat' dir='ltr'>dolorem3</span> <span class='ocrx_word' id='word_1_224' title='bbox 775 1606 834 1637; x_wconf 84' lang='lat' dir='ltr'>sint</span> <span class='ocrx_word' id='word_1_225' title='bbox 850 1616 967 1646; x_wconf 85' lang='lat' dir='ltr'>semper</span> <span class='ocrx_word' id='word_1_226' title='bbox 982 1605 1087 1635; x_wconf 89' lang='lat' dir='ltr'>omnia</span> 
     </span>
     <span class='ocr_line' id='line_1_35' title="bbox 191 1648 1086 1680; baseline 0 -2"><span class='ocrx_word' id='word_1_227' title='bbox 191 1648 309 1679; x_wconf 87' lang='lat' dir='ltr'>homini</span> <span class='ocrx_word' id='word_1_228' title='bbox 325 1649 460 1679; x_wconf 77' lang='lat' dir='ltr'>humana</span> <span class='ocrx_word' id='word_1_229' title='bbox 477 1649 631 1680; x_wconf 86' lang='lat' dir='ltr'>meditata.</span> <span class='ocrx_word' id='word_1_230' title='bbox 666 1649 709 1680; x_wconf 84' lang='lat' dir='ltr'>Et</span> <span class='ocrx_word' id='word_1_231' title='bbox 729 1649 876 1679; x_wconf 88' lang='lat' dir='ltr'>nimirum</span> <span class='ocrx_word' id='word_1_232' title='bbox 894 1648 959 1679; x_wconf 83' lang='lat' dir='ltr'>haec</span> <span class='ocrx_word' id='word_1_233' title='bbox 974 1654 1018 1678; x_wconf 85' lang='lat' dir='ltr'>est</span> <span class='ocrx_word' id='word_1_234' title='bbox 1032 1648 1086 1678; x_wconf 81' lang='lat' dir='ltr'>illa</span> 
     </span>
     <span class='ocr_line' id='line_1_36' title="bbox 191 1691 1087 1735; baseline -0.001 -12"><span class='ocrx_word' id='word_1_235' title='bbox 191 1698 336 1734; x_wconf 75' lang='lat' dir='ltr'>praestans</span> <span class='ocrx_word' id='word_1_236' title='bbox 352 1698 381 1723; x_wconf 90' lang='lat' dir='ltr'>et</span> <span class='ocrx_word' id='word_1_237' title='bbox 396 1692 499 1724; x_wconf 84' lang='lat' dir='ltr'>divina</span> <span class='ocrx_word' id='word_1_238' title='bbox 514 1692 671 1735; x_wconf 84' lang='lat' dir='ltr'>sapientia,</span> <span class='ocrx_word' id='word_1_239' title='bbox 695 1698 725 1723; x_wconf 87' lang='lat' dir='ltr'>et</span> <span class='ocrx_word' id='word_1_240' title='bbox 742 1697 906 1734; x_wconf 78' lang='lat' dir='ltr'>praeceptas</span> <span class='ocrx_word' id='word_1_241' title='bbox 921 1691 1042 1734; x_wconf 86' lang='lat' dir='ltr'>penitus</span> <span class='ocrx_word' id='word_1_242' title='bbox 1056 1697 1087 1722; x_wconf 84' lang='lat' dir='ltr'>et</span> 
     </span>
    </p>
   </div>
   <div class='ocr_carea' id='block_1_7' title="bbox 1197 179 1201 1427">
    <p class='ocr_par' dir='ltr' id='par_1_12' title="bbox 1197 179 1201 1427">
     <span class='ocr_line' id='line_1_37' title="bbox 1197 179 1201 1427; baseline 0 0"><span class='ocrx_word' id='word_1_243' title='bbox 1197 179 1201 1427; x_wconf 95' lang='lat' dir='ltr'> </span> 
     </span>
    </p>
   </div>
  </div>
 </body>
</html>
