1226 1935
290 61 353 93 DE
377 62 575 101 FINIBUS,
599 62 679 93 Lm.
696 61 762 93 111.
786 62 869 93 CAP.
886 63 934 93 11.
1018 62 1056 92 15

158 146 310 179 ,miseram
325 150 525 191 acerbamque
538 149 680 187 reddunt,
698 150 788 189 (quas
801 148 900 178 Graeci
916 147 990 182 παθη
1004 158 1058 189 ιφ,

167 191 302 231 pellant:
326 198 462 232 poteram
487 203 553 232 ego,
578 193 703 222 verbum
725 192 826 239 ipsum
846 191 1056 239 interpretans,

166 243 233 262 mor
236 235 283 263 hos
295 235 465 276 appellare:
485 235 535 266 sed
547 245 607 265 non
620 245 694 265 conv
697 244 759 264 emi
762 240 791 264 et
803 234 841 263 ad
853 235 974 264 omnia.
989 234 1058 274 quis

165 276 246 306 enim
263 277 510 316 miseticordiam,
527 284 580 308 aut
591 278 688 319 ipsam
701 277 900 314 iracundiam,
914 277 1057 306 morbum

164 318 239 349 solet
259 320 381 351 dicere?
405 327 436 351 at
451 321 495 351 illi
510 321 615 351 dicunt
637 320 742 354 παθοςε
767 320 806 350 sit
820 320 912 360 igitur
924 323 1052 359 pertur-

164 362 255 399 batio,
272 374 341 404 quae
356 364 480 394 nomine
495 364 559 412 ipso
575 364 681 394 vitiosa
697 363 841 392 declarali
854 362 985 398 videtur)
1002 372 1058 392 nec

163 403 211 434 hae
226 407 465 445 perturbationes
482 407 511 437 vi
526 407 629 448 aliqua
645 406 777 435 naturali
792 412 971 435 moventur.
989 415 1057 435 om-

162 456 276 488 nesque
294 456 365 479 sunt
385 460 492 490 genere
513 457 654 490 quatuor,
676 449 813 489 partibus
834 449 946 489 plures,
969 448 1057 488 aegri-

163 490 248 527 tudo,
265 492 406 531 formido,
419 493 525 541 libido,
542 502 697 534 quamque
712 492 816 528 Stoici,
833 491 990 521 communi
1002 500 1057 521 no-

162 533 245 564 mine
263 536 394 576 corporis
418 542 447 565 et
468 536 573 573 animi,
595 536 688 569 ν’δονην
710 535 877 583 appellant,
899 544 954 574 ego
975 534 1057 564 malo

161 576 305 607 lentitiam
325 579 488 619 appellare,
511 578 597 619 quasi
617 577 770 618 gestientis
785 577 880 607 animi
896 576 1057 607 elationem

162 620 374 661 voluptariam.
400 621 645 652 Perturbationes
666 627 767 650 autem
787 621 873 650 nulla
894 626 1011 649 naturae
1026 620 1056 650 vi

163 671 411 694 commoventur:
436 665 600 705 omniaque
624 674 658 693 ea
683 670 753 693 sunt
776 663 932 704 opiniones
953 673 987 693 ac
1004 664 1056 702 ju-

163 705 241 736 dicia
256 707 384 737 levitatis
397 719 404 737 ε
429 708 532 748 itaque
547 707 594 737 his
609 706 726 747 sapiens
743 716 860 747 semper
875 706 1002 736 vacabit.

206 749 267 779 XI.
292 750 396 780 Omne
421 757 535 788 autem,
565 750 646 791 quod
673 749 834 780 honestum
859 749 908 787 sit,
936 748 967 778 id
993 759 1057 779 esse

161 798 284 832 propter
310 803 341 822 se
367 793 583 834 expetendum,
611 802 774 823 commune
801 792 888 822 nobis
915 798 958 822 est
983 802 1054 822 cum

161 835 329 865 multorum
345 836 474 865 aliorum
490 835 741 877 philosophorum
754 835 916 865 sententiis.
942 835 1057 865 Praeter

162 878 243 907 enim
266 884 324 908 tres
345 878 529 919 disciplinas,
552 889 621 919 quae
643 878 784 907 virtutem
801 889 819 908 a
834 887 955 907 summo
975 879 1055 908 bono

161 920 339 959 excludunt,
363 922 475 952 caeteris
495 922 637 952 omnibus
658 921 844 961 philosophis
859 921 923 950 haec
942 927 985 950 est
1007 927 1056 950 tu-

161 963 239 993 enda
254 965 412 1002 sententia,
434 965 569 995 maxime
584 971 686 994 tamen
707 964 753 994 his
769 963 887 1000 stoicis,
905 963 958 1004 qui
977 963 1055 993 nihil

160 1006 244 1036 aliud
265 1007 295 1036 in
317 1009 465 1037 bonorum
487 1018 625 1045 numero,
649 1007 706 1037 nisi
727 1007 900 1044 honestum,
923 1017 986 1037 esse
1001 1017 1054 1036 vo-

159 1049 291 1080 luerunt.
316 1050 375 1080 Sed
391 1051 454 1081 haec
466 1051 590 1091 quidem
603 1056 646 1080 est
658 1050 807 1091 perfacilis
819 1056 848 1080 et
859 1049 1055 1090 perexpedita

159 1091 302 1123 defensio.
337 1094 416 1131 Quis
433 1101 476 1124 est
491 1094 583 1130 enim,
609 1100 662 1123 aut
677 1093 746 1134 quis
761 1103 898 1133 unquam
914 1093 984 1128 fuit,
1001 1098 1054 1122 aut

158 1135 284 1166 avaritia
300 1143 363 1166 tam
376 1136 503 1175 ardenti,
521 1143 574 1166 aut
586 1143 648 1166 tam
661 1136 811 1166 effrenatis
824 1135 1052 1176 cupiditatibus,

157 1183 193 1207 ut
214 1179 351 1209 eamdem
372 1180 458 1210 illam
479 1190 554 1216 rem,
572 1189 664 1220 quan]
682 1179 806 1220 adipisci
821 1179 930 1209 scelere
945 1178 1053 1219 quovis

158 1221 240 1259 velit,
265 1232 325 1252 non
341 1223 446 1253 multis
462 1223 599 1263 partibus
614 1222 701 1252 malit
716 1222 754 1252 ad
770 1233 843 1260 sese,
860 1222 951 1252 etiam
968 1221 1053 1252 omni

156 1263 337 1304 impunitate
352 1265 515 1307 proposita,
532 1266 595 1296 sine
610 1265 750 1303 facinore,
773 1275 866 1306 quam
881 1265 934 1295 illo
949 1264 1051 1303 modo,

156 1308 310 1347 pervenire
322 1310 335 1339 ‚⁹

201 1351 306 1387 Quam
323 1361 391 1381 vero
406 1351 568 1381 utilitatem
584 1357 637 1381 aut
648 1361 740 1392 quem
756 1351 890 1380 fructum
906 1356 1051 1391 petentes,

159 1392 233 1423 scire
254 1394 405 1435 cupimus,
422 1395 485 1431 illa,
503 1405 572 1435 quae
586 1395 703 1425 occulta
718 1394 803 1424 nobis
819 1400 900 1429 sunt,
917 1395 971 1434 qui
987 1403 1054 1423 mo-

159 1443 296 1473 veantur,
321 1437 493 1478 quibusque
508 1438 545 1467 de
565 1437 661 1468 causis
677 1447 712 1467 ea
732 1444 886 1467 versentur
901 1437 932 1466 in
954 1437 1026 1467 coelo
1038 1439 1052 1468 ?

159 1479 239 1516 Quis
253 1486 356 1510 autem
377 1486 440 1510 tam
461 1481 627 1521 agrestibus
647 1480 791 1510 institutis
811 1480 895 1517 vivit,
916 1486 969 1509 aut
985 1480 1054 1520 quis

157 1528 261 1552 contra
275 1523 375 1553 studia
389 1530 506 1553 naturae
521 1530 583 1553 tam
600 1523 792 1554 vehementer
806 1523 961 1560 obduruit,
985 1529 1020 1553 ut
1035 1534 1053 1553 a

158 1566 248 1595 rebus
263 1566 383 1606 cognitu
399 1566 498 1606 dignis
509 1566 678 1603 abhorreat,
695 1576 804 1607 easque
819 1566 882 1596 sine
897 1566 1053 1606 voluptate

158 1614 213 1637 aut
227 1608 356 1639 utilitate
371 1609 474 1650 aliqua
486 1619 546 1639 non
559 1609 702 1650 requirat,
719 1615 748 1639 et
763 1619 817 1649 pro
832 1608 927 1638 nihilo
939 1614 1026 1649 putet
1037 1610 1051 1639 ἓ

156 1650 227 1681 Aut
241 1652 308 1692 quis
324 1658 377 1689 est,
402 1653 456 1693 qui
474 1652 671 1693 [majorulm]
689 1659 742 1682 aut
753 1652 982 1688 Africanorum,
999 1658 1053 1681 aut

156 1694 233 1732 ejus,
258 1704 350 1734 quem
366 1701 398 1724 tu
415 1695 446 1724 in
461 1706 512 1725 ore
527 1706 645 1736 semper
659 1696 762 1733 habes,
787 1695 891 1735 proavi
905 1694 976 1730 mei,
994 1705 1052 1724 cae-

154 1742 349 1779 tei-urumque
358 1737 492 1769 virorum
503 1738 640 1778 fortium,
653 1745 744 1779 atque
755 1738 840 1769 omni
852 1738 962 1769 virtute
973 1748 1051 1778 prae-
