1226 1935
236 59 297 91 DE
322 59 520 97 FINIBUS,
545 59 624 90 Lm.
641 59 701 91 1V.
725 59 809 90 CAr‘.
826 60 877 90 26.
959 59 1002 88 59

111 153 146 178 ut
165 156 270 178 eorum
286 146 346 177 alia
360 146 498 187 eligenda
513 145 583 182 sint,
600 146 660 176 alia
674 146 844 185 rejicienda,
861 145 920 175 alia
935 154 1001 174 om-

109 191 183 220 nino
198 189 397 230 negligenda:
422 190 478 219 hoc
497 195 551 227 est,
573 195 609 219 ut
628 200 733 219 eorum
754 189 813 218 alia
833 188 917 223 velis,
941 187 1001 216 alia.

108 233 198 270 nolis,
221 233 281 263 alia
296 242 356 262 non
373 243 466 263 cures.
501 232 548 262 At
563 232 653 262 modo
669 232 798 267 dixeras,
815 231 891 261 nihil
906 231 937 260 in
954 230 1001 259 his

108 278 198 307 rebus
214 286 286 312 esse,
304 275 386 316 quod
401 275 564 305 interesset.
602 275 645 305 Et
660 285 741 306 nunc
756 275 836 304 idern
853 274 931 311 dico,
953 273 1000 302 in-

109 319 205 360 quies,
223 318 274 349 sed
290 318 328 348 ad
344 319 468 348 virtutes
484 324 513 348 et
528 318 567 348 ad
583 318 655 348 vitia
670 319 746 348 nihil
762 318 911 348 interesse.

150 361 280 392 XXVI.
304 361 383 399 Quis
407 361 495 398 istuc,
524 372 637 402 quaeso,
666 362 815 392 nesciebat
827 363 841 391 ,⁹
879 360 997 391 Verum

106 405 276 436 audiamus.
301 404 375 441 Ista,
397 404 508 445 inquit,
525 415 594 445 quae
608 404 723 441 dixisti,
740 405 849 441 valere,
864 403 999 443 locuple-

105 455 168 479 tem
179 458 251 486 esse,
265 457 326 477 non
336 447 447 484 dolere,
461 448 541 477 bona
552 457 613 477 non
626 447 703 485 dico,
718 447 768 478 sed
781 447 879 477 dicam
894 448 1000 476 Graece

104 503 281 531 προηγμενα,
305 490 415 520 Latine
436 496 538 521 autem
554 490 720 531 producta:
746 490 811 525 (sed
826 490 998 531 praeposita,

104 540 157 564 aut
169 533 322 575 praecipua
336 534 418 563 malo
430 544 438 563 ε
457 533 498 564 sic
510 533 707 571 tolerabilius,
725 540 754 563 et
765 533 912 570 mollius.)
939 533 999 562 Illa

104 583 218 614 autem,
242 582 416 617 egestatem,
438 578 593 614 morbum,
619 576 766 613 dolorem,
791 586 852 606 non
877 576 999 617 appello

104 621 197 657 mala,
214 620 277 656 sed,
299 619 324 650 si
338 620 423 657 libet,
445 620 621 658 rejectanea.
661 620 771 661 Itaque
786 620 840 650 illa
855 630 915 649 non
931 619 998 650 dico

104 674 153 694 me
174 669 325 704 expetere,
348 662 400 693 sed
422 662 541 702 legeres
564 673 621 694 nec
644 669 758 704 optare,
783 663 834 693 sed
858 673 997 692 sumere:

104 706 254 737 contraria
282 711 385 736 autem
411 715 472 735 non
499 706 615 746 fugere,
643 706 695 736 sed
722 706 809 747 quasi
836 716 996 736 secernere.

103 749 190 788 Quid
214 749 257 779 ait
281 749 471 785 Aristoteles,
496 749 667 790 reliquique
692 749 829 780 Platonis
852 749 997 779 alumni?

103 793 142 823 Se
157 792 272 829 omnia,
289 802 358 832 quae
374 791 541 822 secundum
557 798 698 822 naturam
714 792 785 830 sint,
801 794 882 822 bona
893 792 998 833 appel-

101 836 185 871 lare;
209 845 279 876 quae
293 840 396 865 autem
411 840 525 872 contra,
542 835 633 864 mala.
666 835 801 865 Videsne
816 835 920 875 igitur,
938 835 996 865 Ze-

101 889 214 909 nonem
229 884 319 908 tuum
335 888 406 908 curn
426 877 572 908 Aristone
587 878 685 908 verbis
701 878 871 915 consistere,
888 889 920 908 re
935 878 997 908 dis,

102 922 220 957 sidereg
244 931 315 951 cum
336 921 502 951 Aristotele
521 926 551 951 et
571 921 631 951 illis
649 931 681 951 re
696 922 873 958 consentire,
898 921 997 951 verbis

100 965 293 1006 discrepare?
318 964 383 994 Cur
402 964 507 1004 igitur,
531 974 602 994 cum
626 964 664 994 de
686 974 718 995 re
739 964 908 1001 conveniat,
932 974 994 994 non

101 1008 247 1038 malimus
266 1007 376 1037 usitate
395 1007 505 1049 loqui?
528 1007 598 1037 Aut
615 1007 731 1045 doceat,
748 1007 929 1048 paratiorem
946 1017 996 1037 me

98 1051 138 1082 ad
158 1050 411 1081 contemnendam
432 1050 592 1091 pecuniam
613 1050 688 1088 fore,
711 1051 736 1081 si
755 1051 865 1080 illam'
857 1061 888 1080 m
904 1052 995 1080 rebus

98 1094 276 1136 praepositis,
300 1103 394 1134 quam
415 1094 439 1124 si
454 1093 486 1123 in
501 1094 599 1132 bonis,
619 1093 753 1124 duxero:
778 1093 996 1134 fortioremque

99 1138 131 1168 in
142 1137 286 1178 patiendo
301 1136 414 1175 dolore,
428 1136 453 1167 si
469 1146 539 1167 eum
555 1146 696 1178 asperum
711 1142 741 1167 et
755 1136 909 1167 difficilem
925 1147 993 1177 per-

98 1191 199 1222 pessu,
229 1186 260 1211 et
283 1185 388 1211 contra
417 1185 560 1210 naturam
589 1191 662 1219 esse,
693 1190 789 1221 quam
817 1180 842 1210 si
874 1180 993 1210 malum

100 1224 216 1254 dixero.

140 1267 250 1297 Facete
274 1265 323 1296 M.
346 1265 429 1304 Piso,
452 1265 611 1296 familiaris
630 1272 741 1303 noster,
761 1272 790 1297 et
805 1266 864 1297 alia
879 1266 990 1304 multa,

97 1316 127 1342 et
150 1310 208 1340 hoc
230 1310 296 1340 loco
316 1310 433 1340 Stoicos
452 1309 604 1340 irridebat.
638 1309 724 1347 Quid
739 1310 846 1340 enim?
870 1309 989 1339 aiebat:

95 1355 213 1385 bonum
238 1362 331 1393 negas
357 1363 419 1384 esse
444 1352 574 1391 divitias,
597 1353 795 1394 praepositum
820 1363 882 1383 esse
906 1353 990 1383 dicis.

97 1396 184 1435 Quid
198 1396 324 1436 adjuvas
336 1398 350 1426 Ρ
366 1396 563 1426 avaritiamne
577 1396 691 1426 minuis
702 1398 716 1427 Ρ
733 1396 815 1438 quod
827 1396 852 1426 si
864 1397 991 1427 verbum

97 1440 265 1481 sequimur,
292 1439 428 1480 primum
457 1439 578 1480 longius
607 1441 747 1478 verbum,
772 1441 991 1480 praepositum,

99 1492 195 1524 quam
210 1484 330 1513 bonum.
363 1482 450 1512 Nihil
467 1482 506 1512 ad
521 1493 595 1513 rem.
632 1483 683 1513 Ne
698 1483 736 1513 sit
751 1493 840 1513 sane:
866 1487 897 1512 at
912 1488 992 1512 certe

99 1526 241 1568 gravius:
258 1536 342 1565 nam,
354 1527 471 1556 bonum
488 1536 525 1556 ex
534 1536 597 1567 quo
611 1526 799 1566 appeUatum
809 1526 858 1563 sit,
869 1526 968 1555 nescio
979 1537 988 1555 z

101 1568 309 1611 praepositum,
323 1579 361 1600 ex
376 1579 411 1599 eo
420 1569 534 1607 (credo)
551 1569 633 1610 quod
642 1574 836 1610 praeponatur
851 1569 927 1599 aliis.
952 1568 991 1598 Id

100 1613 179 1643 mihi
198 1622 347 1653 magnum
371 1612 499 1644 videtur.
538 1612 649 1653 Itaque
670 1612 790 1643 dicebat
809 1612 878 1653 plus
899 1611 991 1641 tribui

102 1655 214 1687 divitiis
240 1666 258 1686 a
288 1655 420 1693 Zenone,
451 1655 505 1697 qui
531 1666 579 1686 eas
603 1656 634 1686 in
660 1655 827 1697 praepositis
852 1660 990 1696 poneret,

99 1709 194 1740 quam
210 1700 248 1729 ab
263 1698 439 1736 Aristotele,
464 1699 517 1739 qui
532 1700 648 1729 bonum
664 1709 727 1729 esse
742 1698 862 1729 divitias
882 1698 989 1728 fatere-

100 1748 171 1779 tur;
188 1741 240 1773 sed
251 1751 306 1773 nec
320 1751 469 1783 magnum
483 1743 612 1781 bonum,
628 1748 658 1773 et
672 1752 735 1783 prae
746 1741 833 1773 rectis
844 1740 992 1772 honestis-
