1226 1935
293 51 354 83 DE
378 48 576 91 FINIBUS‚
601 52 680 83 Lm.
698 52 758 83 IV.
782 53 866 84 CAP.
883 53 931 83 13.
1016 51 1058 82 43

160 136 199 167 sit
214 146 378 178 magnum:
401 143 434 168 ut
450 138 487 176 ei,
501 138 554 179 qui
567 137 702 177 jucunde
714 137 823 168 vixerit
834 147 929 168 annos
941 137 1056 175 decem,

163 179 187 209 si
203 190 289 220 mque
310 181 372 211 vita
389 181 528 220 jucunda
547 187 703 211 menstrua
724 180 873 217 addatur3
899 181 972 221 quia
991 190 1059 210 mo-

164 228 303 253 mentum
325 223 449 264 aliquod
470 224 578 254 habeat
599 224 637 254 ad
655 223 828 263 jucundum
850 223 988 258 accessio,
1004 225 1058 253 bo-

165 275 240 295 num
258 267 310 296 sit:
332 267 376 296 sin
394 272 495 296 autem
511 266 542 296 id
558 277 618 296 non
634 267 825 304 concedatur,
843 277 903 296 non
916 266 1060 297 continuo

166 308 229 338 vita
248 309 335 338 beata
355 310 479 339 tollitur.
514 310 602 339 Bona
623 316 724 340 autem
746 309 877 350 corporis
897 309 968 339 huic
990 314 1061 338 sunt

167 351 264 391 (quod
279 352 425 392 posterius
441 353 542 392 posui)
558 352 717 382 similiora:
738 353 852 383 habent
867 353 948 382 enim
965 362 1062 382 acces-

167 393 282 424 sionem
299 395 435 435 dignam,
451 395 483 424 in
504 396 566 436 qua
587 396 774 426 elaboretur:
799 402 835 425 ut
855 395 931 425 mihi
952 395 984 424 in
1005 395 1063 425 hoc

168 437 262 467 stoici
275 438 369 476 jocari
384 438 542 468 videantur
556 438 721 476 interdum,
738 448 809 468 cum
830 438 873 468 ita
890 438 1003 475 dicant,
1025 437 1061 475 si,

169 479 208 509 ad
231 480 316 509 illam
341 481 435 511 vitam
456 492 525 521 quae
543 491 614 511 cum
634 481 745 511 virtute
766 481 905 522 degatur,
927 480 1066 521 ampulla

169 528 223 553 aut
238 523 360 563 strigilis
376 524 508 561 accedat,
525 530 699 554 sumturum
712 524 878 565 sapientem
891 534 958 554 eam
970 523 1065 553 vitam

170 565 282 607 potius,
305 577 365 606 quo
387 566 451 597 haec
472 567 589 606 adjecta
609 567 680 604 sint,
701 577 756 597 nec
776 567 940 598 beatiorem
962 572 1066 597 tamen

171 611 210 639 ob
227 619 294 639 eam
310 619 431 639 causam
448 609 520 640 fore.
545 610 614 640 Hoc
630 610 727 640 simile
740 610 862 640 tandem
876 616 920 640 est
931 620 990 640 non
1004 609 1066 639 risu

171 652 273 693 potius
289 663 382 693 quam
398 653 532 683 oratione
547 653 751 692 ejiciendum?
774 653 911 694 ampulla
922 653 1004 683 enim
1016 652 1066 689 sit,

173 705 267 726 necne
283 696 331 732 sit,
345 695 413 736 quis
426 706 486 725 non
500 697 569 735 jure
580 697 696 736 optimo
707 696 878 735 irrideatur,
893 696 917 726 si
927 697 1065 726 laboret?

173 739 220 769 At
236 749 305 768 vero
320 738 467 779 gravitate
482 740 690 769 membrorum
703 745 732 769 ct
743 739 877 770 cruciatu
890 739 1029 769 dolorum
1042 738 1068 768 si

174 781 243 823 quis
259 791 350 822 quem
366 781 455 819 levet,
473 792 617 822 magnam
633 783 714 812 ineat
729 783 875 823 gratiam:
898 792 963 819 nec,
982 781 1005 812 si
1017 781 1068 811 ille

175 824 294 865 sapiens
309 824 348 854 ad
363 824 481 854 tortoris
497 825 661 865 equuleum
680 836 698 855 a
718 831 847 866 tyranno
868 825 911 855 ire
931 830 1067 865 cogatur,

175 867 307 898 similem
322 868 433 897 habeat
447 868 579 904 vultum,
597 878 631 898 ae
646 868 670 898 si
685 869 854 909 ampullam
870 868 1067 909 perdidisset:

176 911 240 949 sed,
256 916 291 940 ut
302 921 451 951 magnum
463 917 493 940 et
507 910 628 941 difficile
644 917 794 941 certamen
806 911 913 949 iniens,
931 921 1001 941 cum
1014 910 1072 940 sibi

177 964 248 985 cum
264 954 385 994 capitali
401 953 581 991 adversario,
598 954 711 992 dolore,
732 954 972 995 depugnandum
988 953 1071 983 vide-

176 1003 233 1036 ret,
256 997 399 1027 excitaret
420 1007 524 1027 omnes
546 997 675 1027 rationes
695 997 881 1027 fortitudinis
901 1007 935 1027 ac
955 996 1072 1038 patien-

176 1041 238 1078 tiae,
264 1050 395 1081 quarum
418 1040 557 1080 praesidio
577 1040 666 1070 iniret
685 1040 763 1070 illud
783 1040 905 1070 difficile
926 1042 974 1074 (ut
994 1039 1073 1077 dixi)

178 1093 388 1124 magnumque
402 1083 553 1124 proelium.
585 1083 707 1113 Deinde
721 1093 782 1113 non
798 1093 980 1124 quaeremus,
997 1082 1074 1123 quid

179 1127 356 1157 obscuretur
371 1132 424 1156 aut
439 1126 576 1164 intereat,
593 1126 666 1167 quia
681 1126 718 1156 sit
733 1126 900 1156 admodum
920 1136 1049 1167 parvum
1061 1136 1071 1161 ;

181 1169 234 1200 sed
249 1169 324 1210 quid
340 1170 398 1199 tale
413 1169 462 1207 sit,
478 1175 513 1199 ut
528 1170 649 1210 expleat
664 1179 827 1200 summam.
851 1169 923 1199 Una
935 1169 1074 1209 voluptas

181 1223 198 1243 e
212 1212 318 1242 multis
330 1214 507 1242 obscuratur
517 1212 549 1242 in
561 1212 615 1242 illa
626 1212 689 1242 vita
701 1212 887 1253 voluptaria:
908 1212 960 1242 sed
971 1217 1074 1241 tamen

182 1265 228 1293 ea,
245 1255 384 1296 quamvis
399 1265 493 1296 parva
508 1255 556 1292 sit,
573 1266 642 1296 pars
657 1261 701 1286 est
715 1256 780 1294 ejus
796 1255 875 1292 vitae,
892 1265 961 1295 quae
976 1254 1075 1295 posita

183 1305 227 1329 est
242 1298 274 1328 in
290 1299 455 1339 voluptate.
488 1298 647 1328 Nummus
667 1299 699 1328 in
721 1298 815 1329 Croesi
835 1298 947 1328 divitiis
967 1299 1076 1328 obscu-

183 1347 284 1372 ratur:
301 1352 370 1382 pars
383 1348 427 1371 est
439 1347 540 1371 tamen
553 1341 737 1371 divitiarum.
762 1341 867 1379 Quare
878 1342 1076 1371 obscurentur

185 1385 277 1416 etiam
291 1384 366 1422 haec,
384 1395 453 1425 quae
468 1384 635 1414 secundum
650 1391 791 1414 naturam
807 1395 869 1414 esse
884 1383 1024 1423 dicimus,
1043 1383 1077 1414 in

185 1427 247 1459 vita
262 1427 370 1458 beata:
395 1427 455 1457 sint
470 1427 560 1458 ruodo
576 1434 674 1468 partes
689 1429 785 1458 beatae
800 1428 879 1457 vitae.

229 1470 330 1501 XIII.
351 1470 464 1511 Atqui,
480 1470 505 1500 si
521 1473 569 1505 (ut
583 1471 741 1501 convenire
756 1470 845 1500 debet
859 1470 937 1500 inter
951 1475 1019 1508 nos)
1036 1475 1080 1500 est

188 1513 329 1555 quaedam
344 1513 488 1554 appetitio
509 1514 665 1551 naturalis,
689 1524 734 1552 ea,
755 1524 824 1554 quae
843 1512 1009 1543 secundum
1025 1522 1079 1542 na-

189 1563 289 1587 turam
313 1563 395 1594 sunt,
420 1562 563 1597 appetens
577 1567 586 1592 3
619 1567 724 1586 eorum
748 1556 886 1586 omnium
909 1562 953 1586 est
977 1556 1080 1596 aliqua

190 1609 311 1629 summa
324 1599 469 1629 facienda.
502 1599 574 1637 Quo
596 1600 768 1636 constituto,
790 1605 856 1629 tum
871 1599 973 1629 licebit
987 1599 1080 1628 otiose

190 1642 247 1672 ista
262 1652 404 1682 quaerere,
421 1642 458 1672 de
472 1642 683 1682 magnitudine
697 1653 811 1679 rerum⁷
833 1642 870 1672 de
890 1641 1079 1678 excellentia,

190 1691 305 1727 quanta
326 1685 358 1716 in
380 1695 501 1726 quoque
525 1685 564 1716 sit
583 1686 622 1717 ad
644 1687 733 1717 beate
757 1686 933 1724 vivendum,
957 1685 994 1716 de
1016 1683 1080 1714 istis
