1226 1935
262 77 324 110 DE
347 77 546 117 FINIBUS,
571 77 651 109 Lm.
668 77 735 109 111.
760 77 845 109 cir.
860 77 911 109 19.
991 79 1033 109 25

143 173 204 194 non
225 164 288 196 sine
303 164 394 196 causa
408 164 528 203 dicitur,
550 163 597 203 iis,
619 164 673 205 qui
693 164 832 206 pluribus
847 164 1037 195 naturalibus

143 207 204 237 frui
219 208 344 248 possint,
362 218 424 239 esse
438 208 470 238 in
486 207 548 238 vita
562 207 761 238 manendum.

188 250 284 281 XIX.
310 251 463 281 Pertinere
478 258 580 281 autem
596 251 634 280 ad
650 261 714 281 rem
730 250 924 287 arbitrantur,
947 250 1036 281 intel-

143 293 197 334 ligi
218 294 327 324 natura
350 293 425 331 fieri,
448 300 483 324 ut
497 293 584 324 liberi
605 304 623 323 a
643 294 817 334 parentibus
833 300 992 323 amentur:
1018 304 1036 323 a

144 345 205 377 quo
220 336 307 366 initio
322 337 487 377 profectam
503 347 697 367 communem
713 336 841 366 humani
856 336 972 376 generis
988 346 1036 366 so-

143 379 281 409 cietatem
294 379 512 420 persequimur.
549 379 642 417 Quod
654 379 789 420 primum
805 379 934 419 intelligi
946 379 1035 409 debet

143 421 241 462 figura
266 423 471 463 membrisque
497 432 668 463 corporum,
696 433 765 463 quae
791 422 856 462 ipsa
882 422 1036 452 declarant

141 465 317 505 procreandi
337 476 356 495 a
375 465 483 495 natura
498 465 635 495 habitam
656 475 717 495 esse
732 465 890 495 rationem.
923 464 1035 505 Neque

142 517 212 538 vero
232 507 296 538 haec
316 508 393 538 inter
418 519 448 538 se
472 518 635 548 congruere
658 514 789 549 possent,
815 513 850 537 ut
873 513 982 537 natura
1005 513 1035 537 et

142 551 290 599 procreari
302 551 402 587 vellet,
420 557 449 581 et
463 551 549 600 diligi
565 557 732 592 procreatos
747 561 808 580 non
824 556 949 581 curaret.
973 550 1036 580 At-

143 603 204 634 que
224 594 314 624 etiam
331 594 362 623 in
382 594 484 624 bestiis
504 594 548 624 vis
564 600 679 624 naturae
694 594 801 635 inspici
816 599 934 634 potest;
959 603 1036 634 qua-

142 645 223 674 rum,
237 636 268 666 in
280 637 343 666 fetu
354 642 383 667 et
398 637 429 666 in
440 637 625 673 educatione,
637 637 772 667 laborem
788 647 858 667 cum
870 636 1034 674 cernimus,

142 685 259 709 naturae
270 679 363 720 ipsius
376 690 478 710 vocem
495 680 634 710 videmur
648 679 761 710 audire.
786 680 901 718 Quare,
918 685 953 709 ut
967 689 1035 719 per-

143 722 282 762 spicuum
298 728 352 760 est,
372 723 481 752 natura
498 732 553 753 nos
569 733 587 753 a
602 722 704 753 dolore
719 722 899 758 abhorrere3
924 722 965 752 sic
980 733 1034 763 ap-

141 771 238 805 paret,
263 776 281 795 a
295 765 405 795 natura
419 766 496 807 ipsit,
513 771 547 795 ut
562 776 623 804 eos,
640 776 716 807 quos
729 766 935 807 genuerimus,
951 775 1035 795 ame-

143 817 224 845 mus,
240 808 367 849 impelli.

186 850 237 881 Ex
264 851 321 881 hoc
343 850 487 889 nascitur,
511 856 545 881 ut
566 850 658 882 etiam
680 851 851 882 communis
872 851 1035 881 hominum

143 893 220 924 inter
235 894 373 924 homines
388 894 534 924 naturalis
550 894 588 924 sit
603 894 836 931 commendatio,
853 900 887 924 ut
900 900 1036 934 oporteat

143 936 298 967 hominem
320 938 359 967 ab
379 937 514 973 homine,
538 939 576 967 ob
598 937 629 967 id
653 938 754 978 ipsum
777 937 859 978 quod
874 937 966 967 homo
982 937 1033 973 sit,

144 989 204 1009 non
217 980 350 1010 alienum
367 980 470 1010 videri.
504 980 549 1010 Ut
565 981 658 1017 enim,
675 981 706 1010 in
722 980 879 1015 membris,
893 979 953 1010 alia
964 986 1036 1010 sunt

144 1028 303 1063 tamquam
319 1023 375 1053 sibi
391 1029 473 1060 nata,
489 1029 525 1053 ut
539 1023 629 1060 oculi,
647 1029 681 1053 ut
697 1034 804 1059 aures;
824 1023 928 1064 aliqua
943 1023 1035 1053 etiam

143 1071 319 1096 caeterorum
335 1067 543 1096 membrorum
559 1076 648 1096 usum
666 1067 823 1106 adjuvant,
837 1072 871 1096 ut
886 1076 984 1103 crura,
1001 1072 1036 1095 ut

144 1118 275 1144 manus3
309 1109 349 1139 sic
379 1109 528 1139 immanes
554 1109 696 1150 quaedam
723 1109 826 1139 bestiae
852 1109 908 1139 sibi
935 1109 1035 1138 solum

144 1157 223 1181 natae
239 1158 328 1182 sunt:
353 1158 384 1182 at
398 1152 462 1189 illa,
479 1163 548 1193 quae
563 1153 594 1182 in
611 1152 725 1183 concha
747 1152 853 1193 patula&
873 1152 968 1193 pinna
988 1152 1035 1181 di-

142 1195 232 1231 citur,
256 1195 342 1235 isque
358 1195 411 1236 qui
428 1202 497 1225 enat
513 1206 528 1225 e
544 1196 670 1233 concha,
689 1195 768 1236 (qui,
786 1195 867 1235 quod
883 1205 951 1225 eam
967 1205 1035 1225 cus-

144 1237 249 1274 todiat,
274 1238 444 1278 pinnoteres
469 1245 603 1275 vocatur,
626 1239 658 1268 in
684 1249 813 1279 eamque
840 1249 910 1268 cum
937 1249 967 1268 se
990 1248 1037 1268 re-

145 1280 228 1321 cipit,
253 1281 438 1317 includitur;
462 1287 497 1311 ut
518 1281 655 1311 videatur
674 1281 838 1319 monuisse,
855 1288 890 1311 ut
905 1287 1036 1319 caveret)

144 1323 279 1364 itemque
289 1324 433 1362 formicae,
450 1335 531 1364 apes,
548 1324 679 1361 ciconiae,
697 1324 826 1354 aliorum
839 1324 930 1354 etiam
946 1324 1038 1354 caus⁸a

145 1367 287 1407 quaedam
308 1367 432 1397 faciunt.
466 1367 571 1397 Multo
591 1368 689 1408 magis
709 1367 773 1397 haec
796 1367 968 1406 conjunctio
993 1373 1038 1397 est

145 1409 296 1440 hominis:
321 1410 425 1451 itaque
445 1410 555 1440 natura
577 1420 683 1441 sumus
703 1410 767 1451 apti
786 1410 825 1440 ad
846 1416 950 1447 coetus,
967 1420 1038 1440 con-

145 1452 224 1488 cilia,
242 1453 385 1483 civitates.

189 1495 349 1526 Mundum
373 1502 475 1527 autem
503 1502 624 1527 censent
647 1496 711 1537 regi
734 1495 861 1526 numine
885 1495 1036 1534 Deorum,

146 1548 278 1579 eumque
299 1549 361 1569 ωδε
382 1540 469 1580 quasi
489 1550 685 1570 communem
706 1541 814 1570 urbem
835 1545 865 1569 et
884 1539 1038 1569 civitatem

146 1580 308 1611 hominum
333 1588 362 1612 et
385 1582 544 1619 Deorum
568 1589 598 1613 et
621 1593 874 1623 unumquemque
900 1584 1038 1612 nostrum

147 1624 212 1662 ejus
232 1624 341 1654 mundi
361 1636 423 1656 esse
443 1632 582 1666 partem;
607 1636 645 1656 ex
668 1636 729 1666 quo
749 1625 827 1655 illud
842 1625 952 1655 natura
967 1635 1038 1655 con-

146 1667 242 1706 sequi,
256 1673 290 1697 ut
305 1678 499 1699 communem
511 1669 674 1699 utilitatem
686 1675 795 1699 nostrae
806 1674 1036 1709 anteponamus.

147 1709 192 1738 Ut
216 1710 296 1740 enim
320 1711 401 1751 leges
425 1712 564 1742 omnium
584 1712 713 1742 salutem
735 1712 925 1752 singulorum
947 1711 1038 1741 saluti

146 1758 354 1792 anteponunt;
379 1754 421 1785 sic
436 1755 481 1784 vir
496 1756 594 1786 bonus
609 1760 639 1786 et
653 1755 782 1796 sapienS,
806 1762 836 1785 et
851 1754 970 1795 legibus
984 1764 1039 1794 pa-

191 1796 340 1833 (Philas.)
361 1806 444 1828 vor„
463 1806 520 1828 ιιι.
753 1806 776 1828 D
