<?xml version="1.0" encoding="UTF-8"?>
<!DOCTYPE html PUBLIC "-//W3C//DTD XHTML 1.0 Transitional//EN"
    "http://www.w3.org/TR/xhtml1/DTD/xhtml1-transitional.dtd">
<html xmlns="http://www.w3.org/1999/xhtml" xml:lang="en" lang="en">
 <head>
  <title>
</title>
<meta http-equiv="Content-Type" content="text/html;charset=utf-8" />
  <meta name='ocr-system' content='tesseract 3.04.00' />
  <meta name='ocr-capabilities' content='ocr_page ocr_carea ocr_par ocr_line ocrx_word'/>
</head>
<body>
  <div class='ocr_page' id='page_1' title='image "./operaern03ciceuoft_0139.png"; bbox 0 0 1226 1935; ppageno 0'>
   <div class='ocr_carea' id='block_1_1' title="bbox 253 81 1013 120">
    <p class='ocr_par' dir='ltr' id='par_1_1' title="bbox 253 81 1013 120">
     <span class='ocr_line' id='line_1_1' title="bbox 253 81 1013 120; baseline 0 -5"><span class='ocrx_word' id='word_1_1' title='bbox 253 82 377 115; x_wconf 88' lang='lat' dir='ltr'><strong>TUSC.</strong></span> <span class='ocrx_word' id='word_1_2' title='bbox 394 81 568 120; x_wconf 81' lang='lat' dir='ltr'><strong>QUAEST.</strong></span> <span class='ocrx_word' id='word_1_3' title='bbox 586 81 665 113; x_wconf 82' lang='lat' dir='ltr'>Lm.</span> <span class='ocrx_word' id='word_1_4' title='bbox 683 82 710 114; x_wconf 91' lang='grc' dir='ltr'>Ι.</span> <span class='ocrx_word' id='word_1_5' title='bbox 734 82 818 115; x_wconf 77' lang='grc' dir='ltr'>ΟΑΡ.</span> <span class='ocrx_word' id='word_1_6' title='bbox 831 84 884 115; x_wconf 85' lang='grc'>23.</span> <span class='ocrx_word' id='word_1_7' title='bbox 954 85 1013 115; x_wconf 83' lang='lat'>125</span> 
     </span>
    </p>
   </div>
   <div class='ocr_carea' id='block_1_2' title="bbox 112 168 1012 1834">
    <p class='ocr_par' dir='ltr' id='par_1_2' title="bbox 121 168 1012 339">
     <span class='ocr_line' id='line_1_2' title="bbox 122 168 1012 211; baseline 0 -11"><span class='ocrx_word' id='word_1_8' title='bbox 122 179 215 211; x_wconf 59' lang='grc' dir='ltr'>μοι-ες</span> <span class='ocrx_word' id='word_1_9' title='bbox 239 179 308 211; x_wconf 88' lang='lat' dir='ltr'>quae</span> <span class='ocrx_word' id='word_1_10' title='bbox 322 168 530 206; x_wconf 84' lang='lat' dir='ltr'>conformatio,</span> <span class='ocrx_word' id='word_1_11' title='bbox 547 178 617 209; x_wconf 82' lang='lat' dir='ltr'>quae</span> <span class='ocrx_word' id='word_1_12' title='bbox 635 168 825 210; x_wconf 78' lang='lat' dir='ltr'>magnitude,</span> <span class='ocrx_word' id='word_1_13' title='bbox 842 170 896 211; x_wconf 93' lang='lat' dir='ltr'>qui</span> <span class='ocrx_word' id='word_1_14' title='bbox 907 170 1012 201; x_wconf 82' lang='lat' dir='ltr'>locus:</span> 
     </span>
     <span class='ocr_line' id='line_1_3' title="bbox 122 211 1012 254; baseline 0 -11"><span class='ocrx_word' id='word_1_15' title='bbox 122 219 168 251; x_wconf 74' lang='lat' dir='ltr'>ut,</span> <span class='ocrx_word' id='word_1_16' title='bbox 193 213 217 243; x_wconf 86' lang='lat' dir='ltr'>si</span> <span class='ocrx_word' id='word_1_17' title='bbox 238 214 303 252; x_wconf 86' lang='lat' dir='ltr'>jam</span> <span class='ocrx_word' id='word_1_18' title='bbox 324 217 445 254; x_wconf 89' lang='lat' dir='ltr'><strong>possent</strong></span> <span class='ocrx_word' id='word_1_19' title='bbox 459 212 490 241; x_wconf 92' lang='lat' dir='ltr'>in</span> <span class='ocrx_word' id='word_1_20' title='bbox 505 211 629 242; x_wconf 87' lang='lat' dir='ltr'>homine</span> <span class='ocrx_word' id='word_1_21' title='bbox 644 222 705 242; x_wconf 91' lang='lat' dir='ltr'>uno</span> <span class='ocrx_word' id='word_1_22' title='bbox 720 213 800 242; x_wconf 87' lang='lat' dir='ltr'>cerni</span> <span class='ocrx_word' id='word_1_23' title='bbox 820 213 923 243; x_wconf 85' lang='lat' dir='ltr'>onmia</span> <span class='ocrx_word' id='word_1_24' title='bbox 943 224 1012 254; x_wconf 82' lang='lat' dir='ltr'>quae</span> 
     </span>
     <span class='ocr_line' id='line_1_4' title="bbox 121 255 1012 296; baseline 0 -10"><span class='ocrx_word' id='word_1_25' title='bbox 121 266 203 286; x_wconf 90' lang='lat' dir='ltr'>nunc</span> <span class='ocrx_word' id='word_1_26' title='bbox 224 262 301 286; x_wconf 83' lang='lat' dir='ltr'>tecta</span> <span class='ocrx_word' id='word_1_27' title='bbox 321 261 402 293; x_wconf 88' lang='lat' dir='ltr'>sunt,</span> <span class='ocrx_word' id='word_1_28' title='bbox 424 264 585 285; x_wconf 87' lang='lat' dir='ltr'>casurusne</span> <span class='ocrx_word' id='word_1_29' title='bbox 608 255 639 284; x_wconf 92' lang='lat' dir='ltr'>in</span> <span class='ocrx_word' id='word_1_30' title='bbox 660 262 853 296; x_wconf 86' lang='lat' dir='ltr'>conspectum</span> <span class='ocrx_word' id='word_1_31' title='bbox 874 256 1012 286; x_wconf 87' lang='lat' dir='ltr'>videatur</span> 
     </span>
     <span class='ocr_line' id='line_1_5' title="bbox 121 297 995 339; baseline -0.001 -10"><span class='ocrx_word' id='word_1_32' title='bbox 121 299 261 335; x_wconf 86' lang='lat' dir='ltr'>animus;</span> <span class='ocrx_word' id='word_1_33' title='bbox 286 308 324 328; x_wconf 88' lang='lat' dir='ltr'>an</span> <span class='ocrx_word' id='word_1_34' title='bbox 340 304 423 328; x_wconf 82' lang='lat' dir='ltr'>tanta</span> <span class='ocrx_word' id='word_1_35' title='bbox 438 298 476 327; x_wconf 86' lang='lat' dir='ltr'>sit</span> <span class='ocrx_word' id='word_1_36' title='bbox 491 298 555 336; x_wconf 86' lang='lat' dir='ltr'>ejus</span> <span class='ocrx_word' id='word_1_37' title='bbox 571 297 710 336; x_wconf 71' lang='lat' dir='ltr'>tenuitas,</span> <span class='ocrx_word' id='word_1_38' title='bbox 728 304 762 328; x_wconf 89' lang='lat' dir='ltr'>ut</span> <span class='ocrx_word' id='word_1_39' title='bbox 777 299 876 339; x_wconf 87' lang='lat' dir='ltr'>fugiat</span> <span class='ocrx_word' id='word_1_40' title='bbox 890 299 995 329; x_wconf 86' lang='lat' dir='ltr'>aciem.</span> 
     </span>
    </p>

    <p class='ocr_par' dir='ltr' id='par_1_3' title="bbox 115 340 1011 886">
     <span class='ocr_line' id='line_1_6' title="bbox 164 340 1011 382; baseline 0 -10"><span class='ocrx_word' id='word_1_41' title='bbox 164 341 241 372; x_wconf 81' lang='lat' dir='ltr'>naec</span> <span class='ocrx_word' id='word_1_42' title='bbox 256 347 396 382; x_wconf 83' lang='lat' dir='ltr'>reputent</span> <span class='ocrx_word' id='word_1_43' title='bbox 415 341 475 378; x_wconf 82' lang='lat' dir='ltr'>isti,</span> <span class='ocrx_word' id='word_1_44' title='bbox 492 340 545 381; x_wconf 88' lang='lat' dir='ltr'>qui</span> <span class='ocrx_word' id='word_1_45' title='bbox 566 346 688 381; x_wconf 83' lang='lat' dir='ltr'>negant,</span> <span class='ocrx_word' id='word_1_46' title='bbox 710 342 848 371; x_wconf 86' lang='lat' dir='ltr'>animum</span> <span class='ocrx_word' id='word_1_47' title='bbox 869 341 932 372; x_wconf 86' lang='lat' dir='ltr'>sine</span> <span class='ocrx_word' id='word_1_48' title='bbox 947 352 1011 372; x_wconf 90' lang='lat' dir='ltr'>cor-</span> 
     </span>
     <span class='ocr_line' id='line_1_7' title="bbox 120 383 1011 426; baseline -0.001 -11"><span class='ocrx_word' id='word_1_49' title='bbox 120 395 193 426; x_wconf 87' lang='lat' dir='ltr'>pore</span> <span class='ocrx_word' id='word_1_50' title='bbox 216 395 247 415; x_wconf 89' lang='lat' dir='ltr'>se</span> <span class='ocrx_word' id='word_1_51' title='bbox 269 384 437 424; x_wconf 83' lang='lat' dir='ltr'>intelligere</span> <span class='ocrx_word' id='word_1_52' title='bbox 459 393 554 424; x_wconf 87' lang='lat' dir='ltr'>posse.</span> <span class='ocrx_word' id='word_1_53' title='bbox 589 383 758 421; x_wconf 85' lang='lat' dir='ltr'>Videbunt,</span> <span class='ocrx_word' id='word_1_54' title='bbox 780 394 872 425; x_wconf 86' lang='lat' dir='ltr'>quem</span> <span class='ocrx_word' id='word_1_55' title='bbox 893 385 924 414; x_wconf 88' lang='lat' dir='ltr'>in</span> <span class='ocrx_word' id='word_1_56' title='bbox 945 385 1011 425; x_wconf 90' lang='lat' dir='ltr'>ipso</span> 
     </span>
     <span class='ocr_line' id='line_1_8' title="bbox 120 425 1010 468; baseline -0.001 -10"><span class='ocrx_word' id='word_1_57' title='bbox 120 438 243 468; x_wconf 89' lang='lat' dir='ltr'>corpore</span> <span class='ocrx_word' id='word_1_58' title='bbox 267 427 446 467; x_wconf 76' lang='lat' dir='ltr'>intelligant.</span> <span class='ocrx_word' id='word_1_59' title='bbox 486 425 569 456; x_wconf 86' lang='lat' dir='ltr'><strong>Mihi</strong></span> <span class='ocrx_word' id='word_1_60' title='bbox 593 426 728 467; x_wconf 85' lang='lat' dir='ltr'>quidem,</span> <span class='ocrx_word' id='word_1_61' title='bbox 751 433 892 457; x_wconf 85' lang='lat' dir='ltr'>naturam</span> <span class='ocrx_word' id='word_1_62' title='bbox 915 428 1010 458; x_wconf 86' lang='lat' dir='ltr'>animi</span> 
     </span>
     <span class='ocr_line' id='line_1_9' title="bbox 118 469 1011 511; baseline 0 -11"><span class='ocrx_word' id='word_1_63' title='bbox 118 470 260 508; x_wconf 86' lang='lat' dir='ltr'>intuenti,</span> <span class='ocrx_word' id='word_1_64' title='bbox 273 470 371 500; x_wconf 88' lang='lat' dir='ltr'>multo</span> <span class='ocrx_word' id='word_1_65' title='bbox 386 469 534 500; x_wconf 86' lang='lat' dir='ltr'>difficilior</span> <span class='ocrx_word' id='word_1_66' title='bbox 548 470 676 500; x_wconf 86' lang='lat' dir='ltr'>occum&#39;t</span> <span class='ocrx_word' id='word_1_67' title='bbox 687 470 838 510; x_wconf 79' lang='lat' dir='ltr'>cogitatio,</span> <span class='ocrx_word' id='word_1_68' title='bbox 851 471 1011 511; x_wconf 85' lang='lat' dir='ltr'>mthoque</span> 
     </span>
     <span class='ocr_line' id='line_1_10' title="bbox 119 512 1009 554; baseline -0.002 -10"><span class='ocrx_word' id='word_1_69' title='bbox 119 513 283 549; x_wconf 87' lang='lat' dir='ltr'>obscurior,</span> <span class='ocrx_word' id='word_1_70' title='bbox 311 513 409 554; x_wconf 79' lang='lat' dir='ltr'>qualis</span> <span class='ocrx_word' id='word_1_71' title='bbox 434 512 554 542; x_wconf 84' lang='lat' dir='ltr'>animus</span> <span class='ocrx_word' id='word_1_72' title='bbox 579 512 611 542; x_wconf 80' lang='lat' dir='ltr'>‘m</span> <span class='ocrx_word' id='word_1_73' title='bbox 635 523 757 553; x_wconf 88' lang='lat' dir='ltr'>corpore</span> <span class='ocrx_word' id='word_1_74' title='bbox 779 513 827 550; x_wconf 88' lang='lat' dir='ltr'>sit,</span> <span class='ocrx_word' id='word_1_75' title='bbox 851 519 1009 554; x_wconf 85' lang='lat' dir='ltr'><strong>tamquam</strong></span> 
     </span>
     <span class='ocr_line' id='line_1_11' title="bbox 120 555 1008 597; baseline -0.001 -11"><span class='ocrx_word' id='word_1_76' title='bbox 120 556 226 586; x_wconf 84' lang='lat' dir='ltr'>alienae</span> <span class='ocrx_word' id='word_1_77' title='bbox 236 555 329 592; x_wconf 86' lang='lat' dir='ltr'>domi,</span> <span class='ocrx_word' id='word_1_78' title='bbox 347 565 440 597; x_wconf 87' lang='lat' dir='ltr'>quam</span> <span class='ocrx_word' id='word_1_79' title='bbox 452 555 561 596; x_wconf 83' lang='lat' dir='ltr'>qualis,</span> <span class='ocrx_word' id='word_1_80' title='bbox 578 565 649 585; x_wconf 89' lang='lat' dir='ltr'>cum</span> <span class='ocrx_word' id='word_1_81' title='bbox 661 556 777 593; x_wconf 84' lang='lat' dir='ltr'>exierit,</span> <span class='ocrx_word' id='word_1_82' title='bbox 794 555 865 586; x_wconf 87' lang='lat' dir='ltr'>etin</span> <span class='ocrx_word' id='word_1_83' title='bbox 877 556 1008 586; x_wconf 88' lang='lat' dir='ltr'>liberum</span> 
     </span>
     <span class='ocr_line' id='line_1_12' title="bbox 119 598 1007 640; baseline -0.002 -10"><span class='ocrx_word' id='word_1_84' title='bbox 119 599 241 637; x_wconf 83' lang='lat' dir='ltr'>coelum,</span> <span class='ocrx_word' id='word_1_85' title='bbox 265 599 351 640; x_wconf 84' lang='lat' dir='ltr'><strong>quasi</strong></span> <span class='ocrx_word' id='word_1_86' title='bbox 377 598 504 628; x_wconf 83' lang='lat' dir='ltr'>domum</span> <span class='ocrx_word' id='word_1_87' title='bbox 533 609 632 636; x_wconf 86' lang='lat' dir='ltr'>suam,</span> <span class='ocrx_word' id='word_1_88' title='bbox 663 599 785 629; x_wconf 87' lang='lat' dir='ltr'>venerit.</span> <span class='ocrx_word' id='word_1_89' title='bbox 821 598 886 639; x_wconf 63' lang='lat' dir='ltr'>[Si]</span> <span class='ocrx_word' id='word_1_90' title='bbox 915 599 1007 636; x_wconf 84' lang='lat' dir='ltr'>enim,</span> 
     </span>
     <span class='ocr_line' id='line_1_13' title="bbox 120 641 1008 683; baseline -0.001 -11"><span class='ocrx_word' id='word_1_91' title='bbox 120 642 203 683; x_wconf 85' lang='lat' dir='ltr'>quod</span> <span class='ocrx_word' id='word_1_92' title='bbox 217 652 376 683; x_wconf 86' lang='lat' dir='ltr'>nunquam</span> <span class='ocrx_word' id='word_1_93' title='bbox 392 641 534 679; x_wconf 85' lang='lat' dir='ltr'>vidimus,</span> <span class='ocrx_word' id='word_1_94' title='bbox 551 641 582 671; x_wconf 84' lang='lat' dir='ltr'>id</span> <span class='ocrx_word' id='word_1_95' title='bbox 597 642 686 682; x_wconf 83' lang='lat' dir='ltr'>quale</span> <span class='ocrx_word' id='word_1_96' title='bbox 701 642 749 677; x_wconf 82' lang='lat' dir='ltr'>sit,</span> <span class='ocrx_word' id='word_1_97' title='bbox 766 642 932 682; x_wconf 85' lang='lat' dir='ltr'>intelligere</span> <span class='ocrx_word' id='word_1_98' title='bbox 947 651 1008 671; x_wconf 91' lang='lat' dir='ltr'>non</span> 
     </span>
     <span class='ocr_line' id='line_1_14' title="bbox 118 684 1007 726; baseline -0.001 -11"><span class='ocrx_word' id='word_1_99' title='bbox 118 695 291 726; x_wconf 87' lang='lat' dir='ltr'>possumus,</span> <span class='ocrx_word' id='word_1_100' title='bbox 302 690 380 715; x_wconf 89' lang='lat' dir='ltr'>certe</span> <span class='ocrx_word' id='word_1_101' title='bbox 390 690 420 714; x_wconf 83' lang='lat' dir='ltr'>et</span> <span class='ocrx_word' id='word_1_102' title='bbox 430 684 533 714; x_wconf 86' lang='lat' dir='ltr'>Deum</span> <span class='ocrx_word' id='word_1_103' title='bbox 548 684 661 725; x_wconf 86' lang='lat' dir='ltr'>ipsum,</span> <span class='ocrx_word' id='word_1_104' title='bbox 678 690 707 714; x_wconf 89' lang='lat' dir='ltr'>et</span> <span class='ocrx_word' id='word_1_105' title='bbox 717 685 856 715; x_wconf 87' lang='lat' dir='ltr'>divinum</span> <span class='ocrx_word' id='word_1_106' title='bbox 868 685 1007 715; x_wconf 86' lang='lat' dir='ltr'>animum</span> 
     </span>
     <span class='ocr_line' id='line_1_15' title="bbox 118 727 1008 769; baseline -0.001 -11"><span class='ocrx_word' id='word_1_107' title='bbox 118 738 241 768; x_wconf 88' lang='lat' dir='ltr'>corpore</span> <span class='ocrx_word' id='word_1_108' title='bbox 260 728 434 764; x_wconf 86' lang='lat' dir='ltr'>liberatum,</span> <span class='ocrx_word' id='word_1_109' title='bbox 456 727 634 767; x_wconf 85' lang='lat' dir='ltr'>cogitatione</span> <span class='ocrx_word' id='word_1_110' title='bbox 654 728 812 769; x_wconf 87' lang='lat' dir='ltr'>complecti</span> <span class='ocrx_word' id='word_1_111' title='bbox 827 737 887 758; x_wconf 90' lang='lat' dir='ltr'>non</span> <span class='ocrx_word' id='word_1_112' title='bbox 903 738 1008 768; x_wconf 88' lang='lat' dir='ltr'>possu-</span> 
     </span>
     <span class='ocr_line' id='line_1_16' title="bbox 118 770 1008 811; baseline 0 -11"><span class='ocrx_word' id='word_1_113' title='bbox 118 780 197 800; x_wconf 88' lang='lat' dir='ltr'>mus.</span> <span class='ocrx_word' id='word_1_114' title='bbox 230 770 424 800; x_wconf 82' lang='lat' dir='ltr'>Dicaearchus</span> <span class='ocrx_word' id='word_1_115' title='bbox 436 770 571 811; x_wconf 86' lang='lat' dir='ltr'>quidem,</span> <span class='ocrx_word' id='word_1_116' title='bbox 589 776 618 801; x_wconf 88' lang='lat' dir='ltr'>et</span> <span class='ocrx_word' id='word_1_117' title='bbox 632 770 845 808; x_wconf 83' lang='lat' dir='ltr'>Aristoxenus,</span> <span class='ocrx_word' id='word_1_118' title='bbox 862 771 934 811; x_wconf 91' lang='lat' dir='ltr'>quia</span> <span class='ocrx_word' id='word_1_119' title='bbox 949 770 1008 800; x_wconf 85' lang='lat' dir='ltr'>dif-</span> 
     </span>
     <span class='ocr_line' id='line_1_17' title="bbox 117 813 1006 854; baseline 0.001 -11"><span class='ocrx_word' id='word_1_120' title='bbox 117 813 203 844; x_wconf 85' lang='lat' dir='ltr'>ficilis</span> <span class='ocrx_word' id='word_1_121' title='bbox 219 819 281 844; x_wconf 90' lang='lat' dir='ltr'>erat</span> <span class='ocrx_word' id='word_1_122' title='bbox 304 813 410 851; x_wconf 84' lang='lat' dir='ltr'>animi,</span> <span class='ocrx_word' id='word_1_123' title='bbox 424 813 498 854; x_wconf 92' lang='lat' dir='ltr'>quid</span> <span class='ocrx_word' id='word_1_124' title='bbox 513 819 566 843; x_wconf 88' lang='lat' dir='ltr'>aut</span> <span class='ocrx_word' id='word_1_125' title='bbox 581 814 679 854; x_wconf 88' lang='lat' dir='ltr'>qualis</span> <span class='ocrx_word' id='word_1_126' title='bbox 694 820 780 851; x_wconf 83' lang='lat' dir='ltr'>esset,</span> <span class='ocrx_word' id='word_1_127' title='bbox 796 814 1006 854; x_wconf 82' lang='lat' dir='ltr'>intelligentia,</span> 
     </span>
     <span class='ocr_line' id='line_1_18' title="bbox 115 856 776 886; baseline 0 0"><span class='ocrx_word' id='word_1_128' title='bbox 115 857 238 886; x_wconf 88' lang='lat' dir='ltr'>nullum</span> <span class='ocrx_word' id='word_1_129' title='bbox 254 856 378 886; x_wconf 88' lang='lat' dir='ltr'>omnino</span> <span class='ocrx_word' id='word_1_130' title='bbox 393 856 532 886; x_wconf 82' lang='lat' dir='ltr'>animum</span> <span class='ocrx_word' id='word_1_131' title='bbox 547 867 610 886; x_wconf 88' lang='lat' dir='ltr'>esse</span> <span class='ocrx_word' id='word_1_132' title='bbox 625 856 776 886; x_wconf 83' lang='lat' dir='ltr'>dixerunt.</span> 
     </span>
    </p>

    <p class='ocr_par' dir='ltr' id='par_1_4' title="bbox 114 899 1007 1458">
     <span class='ocr_line' id='line_1_19' title="bbox 158 899 1007 940; baseline -0.001 -10"><span class='ocrx_word' id='word_1_133' title='bbox 158 900 216 930; x_wconf 88' lang='lat' dir='ltr'>Est</span> <span class='ocrx_word' id='word_1_134' title='bbox 236 899 314 929; x_wconf 83' lang='lat' dir='ltr'>illud</span> <span class='ocrx_word' id='word_1_135' title='bbox 333 899 457 940; x_wconf 87' lang='lat' dir='ltr'>quidem</span> <span class='ocrx_word' id='word_1_136' title='bbox 478 900 525 929; x_wconf 81' lang='lat' dir='ltr'>vel</span> <span class='ocrx_word' id='word_1_137' title='bbox 543 899 726 936; x_wconf 86' lang='lat' dir='ltr'>maximum,</span> <span class='ocrx_word' id='word_1_138' title='bbox 743 899 845 930; x_wconf 86' lang='lat' dir='ltr'>animo</span> <span class='ocrx_word' id='word_1_139' title='bbox 861 899 926 940; x_wconf 87' lang='lat' dir='ltr'>ipso</span> <span class='ocrx_word' id='word_1_140' title='bbox 942 899 1007 929; x_wconf 91' lang='lat' dir='ltr'>ani-</span> 
     </span>
     <span class='ocr_line' id='line_1_20' title="bbox 115 942 1005 983; baseline 0 -11"><span class='ocrx_word' id='word_1_141' title='bbox 115 953 203 972; x_wconf 87' lang='lat' dir='ltr'>mum</span> <span class='ocrx_word' id='word_1_142' title='bbox 216 942 316 973; x_wconf 88' lang='lat' dir='ltr'>videre</span> <span class='ocrx_word' id='word_1_143' title='bbox 328 954 336 972; x_wconf 72' lang='grc' dir='ltr'><strong>ε</strong></span> <span class='ocrx_word' id='word_1_144' title='bbox 354 948 383 972; x_wconf 87' lang='lat' dir='ltr'>et</span> <span class='ocrx_word' id='word_1_145' title='bbox 397 942 543 972; x_wconf 84' lang='lat' dir='ltr'>nimirum</span> <span class='ocrx_word' id='word_1_146' title='bbox 555 942 633 972; x_wconf 86' lang='lat' dir='ltr'>hanc</span> <span class='ocrx_word' id='word_1_147' title='bbox 644 942 735 972; x_wconf 86' lang='lat' dir='ltr'>habet</span> <span class='ocrx_word' id='word_1_148' title='bbox 746 942 808 972; x_wconf 86' lang='lat' dir='ltr'>vim</span> <span class='ocrx_word' id='word_1_149' title='bbox 821 948 1005 983; x_wconf 83' lang='lat' dir='ltr'>praeceptum</span> 
     </span>
     <span class='ocr_line' id='line_1_21' title="bbox 115 985 1006 1034; baseline -0.001 -18"><span class='ocrx_word' id='word_1_150' title='bbox 115 985 282 1034; x_wconf 81' lang='lat' dir='ltr'>Apollinis,</span> <span class='ocrx_word' id='word_1_151' title='bbox 307 995 369 1026; x_wconf 88' lang='lat' dir='ltr'>quo</span> <span class='ocrx_word' id='word_1_152' title='bbox 392 991 506 1023; x_wconf 82' lang='lat' dir='ltr'>monet,</span> <span class='ocrx_word' id='word_1_153' title='bbox 532 992 567 1015; x_wconf 88' lang='lat' dir='ltr'>ut</span> <span class='ocrx_word' id='word_1_154' title='bbox 587 996 617 1016; x_wconf 90' lang='lat' dir='ltr'>se</span> <span class='ocrx_word' id='word_1_155' title='bbox 640 986 768 1026; x_wconf 87' lang='lat' dir='ltr'>quisque</span> <span class='ocrx_word' id='word_1_156' title='bbox 788 991 898 1015; x_wconf 81' lang='lat' dir='ltr'>noscat.</span> <span class='ocrx_word' id='word_1_157' title='bbox 932 986 1006 1016; x_wconf 92' lang='lat' dir='ltr'>Non</span> 
     </span>
     <span class='ocr_line' id='line_1_22' title="bbox 116 1028 1007 1069; baseline 0 -11"><span class='ocrx_word' id='word_1_158' title='bbox 116 1039 209 1066; x_wconf 87' lang='lat' dir='ltr'>emm,</span> <span class='ocrx_word' id='word_1_159' title='bbox 226 1028 324 1066; x_wconf 89' lang='lat' dir='ltr'>credo,</span> <span class='ocrx_word' id='word_1_160' title='bbox 341 1028 372 1058; x_wconf 91' lang='lat' dir='ltr'>id</span> <span class='ocrx_word' id='word_1_161' title='bbox 386 1028 533 1069; x_wconf 73' lang='lat' dir='ltr'>praecipit,</span> <span class='ocrx_word' id='word_1_162' title='bbox 549 1035 584 1058; x_wconf 92' lang='lat' dir='ltr'>ut</span> <span class='ocrx_word' id='word_1_163' title='bbox 598 1030 736 1059; x_wconf 86' lang='lat' dir='ltr'>membra</span> <span class='ocrx_word' id='word_1_164' title='bbox 751 1034 862 1067; x_wconf 79' lang='lat' dir='ltr'>nostra,</span> <span class='ocrx_word' id='word_1_165' title='bbox 879 1034 933 1058; x_wconf 89' lang='lat' dir='ltr'>aut</span> <span class='ocrx_word' id='word_1_166' title='bbox 948 1034 1007 1058; x_wconf 82' lang='lat' dir='ltr'>sta-</span> 
     </span>
     <span class='ocr_line' id='line_1_23' title="bbox 116 1071 1006 1112; baseline 0 -11"><span class='ocrx_word' id='word_1_167' title='bbox 116 1077 217 1102; x_wconf 87' lang='lat' dir='ltr'>turam</span> <span class='ocrx_word' id='word_1_168' title='bbox 233 1071 411 1112; x_wconf 82' lang='lat' dir='ltr'>figuramve,</span> <span class='ocrx_word' id='word_1_169' title='bbox 432 1081 611 1102; x_wconf 84' lang='lat' dir='ltr'>noscamus:</span> <span class='ocrx_word' id='word_1_170' title='bbox 636 1081 734 1112; x_wconf 90' lang='lat' dir='ltr'>neque</span> <span class='ocrx_word' id='word_1_171' title='bbox 748 1081 802 1102; x_wconf 90' lang='lat' dir='ltr'>nos</span> <span class='ocrx_word' id='word_1_172' title='bbox 817 1082 941 1112; x_wconf 86' lang='lat' dir='ltr'>corpora</span> <span class='ocrx_word' id='word_1_173' title='bbox 956 1082 1006 1102; x_wconf 89' lang='lat' dir='ltr'>su-</span> 
     </span>
     <span class='ocr_line' id='line_1_24' title="bbox 116 1115 1004 1155; baseline 0 -11"><span class='ocrx_word' id='word_1_174' title='bbox 116 1125 207 1151; x_wconf 85' lang='lat' dir='ltr'>mus;</span> <span class='ocrx_word' id='word_1_175' title='bbox 231 1125 329 1155; x_wconf 87' lang='lat' dir='ltr'>neque</span> <span class='ocrx_word' id='word_1_176' title='bbox 353 1125 419 1155; x_wconf 88' lang='lat' dir='ltr'>ego,</span> <span class='ocrx_word' id='word_1_177' title='bbox 441 1115 497 1145; x_wconf 90' lang='lat' dir='ltr'>tibi</span> <span class='ocrx_word' id='word_1_178' title='bbox 519 1115 619 1145; x_wconf 80' lang='lat' dir='ltr'>dicens</span> <span class='ocrx_word' id='word_1_179' title='bbox 640 1115 707 1152; x_wconf 81' lang='lat' dir='ltr'>hoc,</span> <span class='ocrx_word' id='word_1_180' title='bbox 729 1115 845 1155; x_wconf 86' lang='lat' dir='ltr'>corpori</span> <span class='ocrx_word' id='word_1_181' title='bbox 860 1121 913 1144; x_wconf 90' lang='lat' dir='ltr'>tuo</span> <span class='ocrx_word' id='word_1_182' title='bbox 928 1115 1004 1145; x_wconf 91' lang='lat' dir='ltr'>dico.</span> 
     </span>
     <span class='ocr_line' id='line_1_25' title="bbox 118 1157 1007 1198; baseline 0.001 -11"><span class='ocrx_word' id='word_1_183' title='bbox 118 1158 201 1188; x_wconf 79' lang='lat' dir='ltr'>Cum</span> <span class='ocrx_word' id='word_1_184' title='bbox 215 1158 319 1198; x_wconf 88' lang='lat' dir='ltr'>igitur,</span> <span class='ocrx_word' id='word_1_185' title='bbox 344 1160 366 1175; x_wconf 76' lang='lat'>‘⁶</span> <span class='ocrx_word' id='word_1_186' title='bbox 384 1158 483 1188; x_wconf 88' lang='lat' dir='ltr'>Nosce</span> <span class='ocrx_word' id='word_1_187' title='bbox 498 1158 562 1195; x_wconf 81' lang='lat' dir='ltr'>te,&#39;‘</span> <span class='ocrx_word' id='word_1_188' title='bbox 585 1158 667 1195; x_wconf 88' lang='lat' dir='ltr'>dicit,</span> <span class='ocrx_word' id='word_1_189' title='bbox 690 1158 748 1187; x_wconf 91' lang='lat' dir='ltr'>hoc</span> <span class='ocrx_word' id='word_1_190' title='bbox 762 1157 845 1196; x_wconf 88' lang='lat' dir='ltr'>dicit,</span> <span class='ocrx_word' id='word_1_191' title='bbox 870 1160 892 1175; x_wconf 86' lang='grc'>“</span> <span class='ocrx_word' id='word_1_192' title='bbox 906 1158 1007 1188; x_wconf 86' lang='lat' dir='ltr'>Nosce</span> 
     </span>
     <span class='ocr_line' id='line_1_26' title="bbox 117 1200 1005 1242; baseline 0.001 -12"><span class='ocrx_word' id='word_1_193' title='bbox 117 1200 256 1231; x_wconf 85' lang='lat' dir='ltr'>animum</span> <span class='ocrx_word' id='word_1_194' title='bbox 271 1206 360 1231; x_wconf 87' lang='lat' dir='ltr'>tuum</span> <span class='ocrx_word' id='word_1_195' title='bbox 371 1201 404 1231; x_wconf 87' lang='lat'>:&#39;&#39;</span> <span class='ocrx_word' id='word_1_196' title='bbox 426 1211 499 1231; x_wconf 85' lang='lat' dir='ltr'>nam</span> <span class='ocrx_word' id='word_1_197' title='bbox 520 1211 627 1242; x_wconf 86' lang='lat' dir='ltr'>corpus</span> <span class='ocrx_word' id='word_1_198' title='bbox 642 1201 767 1242; x_wconf 88' lang='lat' dir='ltr'>quidem</span> <span class='ocrx_word' id='word_1_199' title='bbox 782 1200 868 1242; x_wconf 85' lang='lat' dir='ltr'>quasi</span> <span class='ocrx_word' id='word_1_200' title='bbox 883 1211 935 1231; x_wconf 88' lang='lat' dir='ltr'>vas</span> <span class='ocrx_word' id='word_1_201' title='bbox 950 1207 1005 1237; x_wconf 85' lang='lat' dir='ltr'>est,</span> 
     </span>
     <span class='ocr_line' id='line_1_27' title="bbox 117 1243 1006 1285; baseline 0 -11"><span class='ocrx_word' id='word_1_202' title='bbox 117 1250 171 1274; x_wconf 85' lang='lat' dir='ltr'>aut</span> <span class='ocrx_word' id='word_1_203' title='bbox 196 1243 321 1284; x_wconf 87' lang='lat' dir='ltr'>aliquod</span> <span class='ocrx_word' id='word_1_204' title='bbox 345 1244 441 1274; x_wconf 83' lang='lat' dir='ltr'>animi</span> <span class='ocrx_word' id='word_1_205' title='bbox 467 1245 699 1285; x_wconf 82' lang='lat' dir='ltr'>receptaculum.</span> <span class='ocrx_word' id='word_1_206' title='bbox 742 1244 797 1274; x_wconf 91' lang='lat' dir='ltr'>Ab</span> <span class='ocrx_word' id='word_1_207' title='bbox 823 1244 926 1274; x_wconf 84' lang='lat' dir='ltr'>animo</span> <span class='ocrx_word' id='word_1_208' title='bbox 952 1249 1006 1274; x_wconf 86' lang='lat' dir='ltr'>tuo</span> 
     </span>
     <span class='ocr_line' id='line_1_28' title="bbox 115 1286 1004 1328; baseline 0.001 -12"><span class='ocrx_word' id='word_1_209' title='bbox 115 1286 266 1328; x_wconf 88' lang='lat' dir='ltr'>quidquid</span> <span class='ocrx_word' id='word_1_210' title='bbox 284 1287 394 1327; x_wconf 85' lang='lat' dir='ltr'>agitur,</span> <span class='ocrx_word' id='word_1_211' title='bbox 418 1287 449 1317; x_wconf 92' lang='lat' dir='ltr'>id</span> <span class='ocrx_word' id='word_1_212' title='bbox 469 1287 570 1328; x_wconf 84' lang='lat' dir='ltr'>agitur</span> <span class='ocrx_word' id='word_1_213' title='bbox 584 1298 602 1317; x_wconf 88' lang='lat' dir='ltr'>a</span> <span class='ocrx_word' id='word_1_214' title='bbox 616 1292 655 1318; x_wconf 83' lang='lat' dir='ltr'>te.</span> <span class='ocrx_word' id='word_1_215' title='bbox 688 1287 783 1317; x_wconf 86' lang='lat' dir='ltr'>Hunc</span> <span class='ocrx_word' id='word_1_216' title='bbox 797 1287 891 1328; x_wconf 87' lang='lat' dir='ltr'>igitur</span> <span class='ocrx_word' id='word_1_217' title='bbox 906 1288 1004 1324; x_wconf 73' lang='lat' dir='ltr'>nosse,</span> 
     </span>
     <span class='ocr_line' id='line_1_29' title="bbox 114 1329 1004 1369; baseline 0.001 -10"><span class='ocrx_word' id='word_1_218' title='bbox 114 1330 173 1360; x_wconf 88' lang='lat' dir='ltr'>nisi</span> <span class='ocrx_word' id='word_1_219' title='bbox 192 1329 331 1361; x_wconf 86' lang='lat' dir='ltr'>divinum</span> <span class='ocrx_word' id='word_1_220' title='bbox 352 1336 437 1369; x_wconf 83' lang='lat' dir='ltr'>esset,</span> <span class='ocrx_word' id='word_1_221' title='bbox 457 1340 517 1360; x_wconf 91' lang='lat' dir='ltr'>non</span> <span class='ocrx_word' id='word_1_222' title='bbox 534 1336 609 1360; x_wconf 87' lang='lat' dir='ltr'>esset</span> <span class='ocrx_word' id='word_1_223' title='bbox 628 1331 685 1360; x_wconf 92' lang='lat' dir='ltr'>hoc</span> <span class='ocrx_word' id='word_1_224' title='bbox 705 1330 824 1361; x_wconf 84' lang='lat' dir='ltr'>acrioris</span> <span class='ocrx_word' id='word_1_225' title='bbox 845 1330 1004 1369; x_wconf 87' lang='lat' dir='ltr'>cujusdam</span> 
     </span>
     <span class='ocr_line' id='line_1_30' title="bbox 114 1372 1005 1414; baseline 0 -11"><span class='ocrx_word' id='word_1_226' title='bbox 114 1373 209 1403; x_wconf 85' lang='lat' dir='ltr'>animi</span> <span class='ocrx_word' id='word_1_227' title='bbox 232 1379 429 1414; x_wconf 86' lang='lat' dir='ltr'>praeceptum,</span> <span class='ocrx_word' id='word_1_228' title='bbox 450 1373 502 1411; x_wconf 84' lang='lat' dir='ltr'>sic,</span> <span class='ocrx_word' id='word_1_229' title='bbox 528 1379 562 1403; x_wconf 87' lang='lat' dir='ltr'>ut</span> <span class='ocrx_word' id='word_1_230' title='bbox 581 1374 733 1404; x_wconf 74' lang='lat' dir='ltr'>tributum</span> <span class='ocrx_word' id='word_1_231' title='bbox 756 1373 825 1404; x_wconf 87' lang='lat' dir='ltr'>Deo</span> <span class='ocrx_word' id='word_1_232' title='bbox 848 1373 904 1404; x_wconf 89' lang='lat' dir='ltr'>sit:</span> <span class='ocrx_word' id='word_1_233' title='bbox 932 1372 1005 1412; x_wconf 90' lang='lat' dir='ltr'>[hoc</span> 
     </span>
     <span class='ocr_line' id='line_1_31' title="bbox 114 1416 651 1458; baseline 0 -12"><span class='ocrx_word' id='word_1_234' title='bbox 114 1422 169 1453; x_wconf 85' lang='lat' dir='ltr'>est,</span> <span class='ocrx_word' id='word_1_235' title='bbox 185 1426 216 1446; x_wconf 87' lang='lat' dir='ltr'>se</span> <span class='ocrx_word' id='word_1_236' title='bbox 230 1416 331 1456; x_wconf 86' lang='lat' dir='ltr'>ipsum</span> <span class='ocrx_word' id='word_1_237' title='bbox 347 1427 433 1457; x_wconf 89' lang='lat' dir='ltr'>posse</span> <span class='ocrx_word' id='word_1_238' title='bbox 448 1418 651 1458; x_wconf 63' lang='lat' dir='ltr'>cognoscere}</span> 
     </span>
    </p>

    <p class='ocr_par' dir='ltr' id='par_1_5' title="bbox 113 1458 1005 1672">
     <span class='ocr_line' id='line_1_32' title="bbox 158 1458 1002 1500; baseline -0.001 -10"><span class='ocrx_word' id='word_1_239' title='bbox 158 1458 218 1490; x_wconf 77' lang='lat' dir='ltr'>sed</span> <span class='ocrx_word' id='word_1_240' title='bbox 233 1459 268 1496; x_wconf 90' lang='lat' dir='ltr'>si,</span> <span class='ocrx_word' id='word_1_241' title='bbox 282 1459 381 1500; x_wconf 80' lang='lat' dir='ltr'>qualis</span> <span class='ocrx_word' id='word_1_242' title='bbox 392 1459 430 1490; x_wconf 87' lang='lat' dir='ltr'>sit</span> <span class='ocrx_word' id='word_1_243' title='bbox 441 1460 573 1498; x_wconf 81' lang='lat' dir='ltr'>animus,</span> <span class='ocrx_word' id='word_1_244' title='bbox 589 1459 652 1500; x_wconf 92' lang='lat' dir='ltr'>ipse</span> <span class='ocrx_word' id='word_1_245' title='bbox 663 1459 783 1490; x_wconf 85' lang='lat' dir='ltr'>animus</span> <span class='ocrx_word' id='word_1_246' title='bbox 795 1459 925 1495; x_wconf 82' lang='lat' dir='ltr'>nesciet;</span> <span class='ocrx_word' id='word_1_247' title='bbox 943 1458 1002 1496; x_wconf 87' lang='lat' dir='ltr'>dic,</span> 
     </span>
     <span class='ocr_line' id='line_1_33' title="bbox 114 1502 1004 1543; baseline 0 -11"><span class='ocrx_word' id='word_1_248' title='bbox 114 1512 228 1542; x_wconf 84' lang='lat' dir='ltr'>quaeso,</span> <span class='ocrx_word' id='word_1_249' title='bbox 251 1512 289 1532; x_wconf 92' lang='lat' dir='ltr'>ne</span> <span class='ocrx_word' id='word_1_250' title='bbox 309 1513 371 1533; x_wconf 87' lang='lat' dir='ltr'>esse</span> <span class='ocrx_word' id='word_1_251' title='bbox 386 1503 510 1543; x_wconf 88' lang='lat' dir='ltr'>quidem</span> <span class='ocrx_word' id='word_1_252' title='bbox 526 1513 557 1533; x_wconf 87' lang='lat' dir='ltr'>se</span> <span class='ocrx_word' id='word_1_253' title='bbox 572 1503 667 1534; x_wconf 80' lang='lat' dir='ltr'>sciet?</span> <span class='ocrx_word' id='word_1_254' title='bbox 691 1513 729 1533; x_wconf 88' lang='lat' dir='ltr'>ne</span> <span class='ocrx_word' id='word_1_255' title='bbox 744 1503 859 1533; x_wconf 85' lang='lat' dir='ltr'>moveri</span> <span class='ocrx_word' id='word_1_256' title='bbox 878 1502 1004 1543; x_wconf 86' lang='lat' dir='ltr'>quidem</span> 
     </span>
     <span class='ocr_line' id='line_1_34' title="bbox 114 1544 1005 1587; baseline 0.001 -12"><span class='ocrx_word' id='word_1_257' title='bbox 114 1546 169 1575; x_wconf 82' lang='lat' dir='ltr'>se?</span> <span class='ocrx_word' id='word_1_258' title='bbox 193 1544 243 1575; x_wconf 84' lang='lat' dir='ltr'>Ex</span> <span class='ocrx_word' id='word_1_259' title='bbox 263 1555 325 1586; x_wconf 91' lang='lat' dir='ltr'>quo</span> <span class='ocrx_word' id='word_1_260' title='bbox 344 1545 398 1576; x_wconf 86' lang='lat' dir='ltr'>illa</span> <span class='ocrx_word' id='word_1_261' title='bbox 417 1546 493 1576; x_wconf 82' lang='lat' dir='ltr'>ratio</span> <span class='ocrx_word' id='word_1_262' title='bbox 513 1551 585 1576; x_wconf 85' lang='lat' dir='ltr'>nata</span> <span class='ocrx_word' id='word_1_263' title='bbox 607 1551 651 1576; x_wconf 89' lang='lat' dir='ltr'>est</span> <span class='ocrx_word' id='word_1_264' title='bbox 667 1546 814 1585; x_wconf 80' lang='lat' dir='ltr'>Platonis,</span> <span class='ocrx_word' id='word_1_265' title='bbox 832 1557 901 1587; x_wconf 87' lang='lat' dir='ltr'>quae</span> <span class='ocrx_word' id='word_1_266' title='bbox 916 1556 934 1575; x_wconf 90' lang='lat' dir='ltr'>a</span> <span class='ocrx_word' id='word_1_267' title='bbox 948 1546 1005 1576; x_wconf 87' lang='lat' dir='ltr'>So-</span> 
     </span>
     <span class='ocr_line' id='line_1_35' title="bbox 114 1588 1004 1630; baseline 0 -12"><span class='ocrx_word' id='word_1_268' title='bbox 114 1594 193 1618; x_wconf 84' lang='lat' dir='ltr'>crate</span> <span class='ocrx_word' id='word_1_269' title='bbox 208 1594 252 1618; x_wconf 87' lang='lat' dir='ltr'>est</span> <span class='ocrx_word' id='word_1_270' title='bbox 265 1588 297 1618; x_wconf 90' lang='lat' dir='ltr'>&#39;m</span> <span class='ocrx_word' id='word_1_271' title='bbox 313 1588 443 1619; x_wconf 86' lang='lat' dir='ltr'>Phaedro</span> <span class='ocrx_word' id='word_1_272' title='bbox 458 1589 617 1629; x_wconf 81' lang='lat' dir='ltr'>explicata,</span> <span class='ocrx_word' id='word_1_273' title='bbox 633 1600 651 1619; x_wconf 86' lang='lat' dir='ltr'>a</span> <span class='ocrx_word' id='word_1_274' title='bbox 665 1599 715 1619; x_wconf 92' lang='lat' dir='ltr'>me</span> <span class='ocrx_word' id='word_1_275' title='bbox 730 1595 832 1620; x_wconf 87' lang='lat' dir='ltr'>autern</span> <span class='ocrx_word' id='word_1_276' title='bbox 847 1589 946 1630; x_wconf 84' lang='lat' dir='ltr'>posita</span> <span class='ocrx_word' id='word_1_277' title='bbox 960 1593 1004 1619; x_wconf 85' lang='lat' dir='ltr'>est</span> 
     </span>
     <span class='ocr_line' id='line_1_36' title="bbox 113 1631 657 1672; baseline 0.004 -12"><span class='ocrx_word' id='word_1_278' title='bbox 113 1631 145 1661; x_wconf 91' lang='lat' dir='ltr'>in</span> <span class='ocrx_word' id='word_1_279' title='bbox 161 1637 245 1661; x_wconf 84' lang='lat' dir='ltr'>sexto</span> <span class='ocrx_word' id='word_1_280' title='bbox 259 1631 337 1662; x_wconf 87' lang='lat' dir='ltr'>libro</span> <span class='ocrx_word' id='word_1_281' title='bbox 353 1633 375 1649; x_wconf 85' lang='grc'>“</span> <span class='ocrx_word' id='word_1_282' title='bbox 389 1631 438 1662; x_wconf 88' lang='lat' dir='ltr'>De</span> <span class='ocrx_word' id='word_1_283' title='bbox 453 1632 657 1672; x_wconf 43' lang='lat' dir='ltr'>Republica?</span> 
     </span>
    </p>

    <p class='ocr_par' dir='ltr' id='par_1_6' title="bbox 112 1673 1004 1801">
     <span class='ocr_line' id='line_1_37' title="bbox 157 1673 1002 1715; baseline 0 -11"><span class='ocrx_word' id='word_1_284' title='bbox 157 1673 290 1704; x_wconf 85' lang='lat' dir='ltr'><strong>XXIII.</strong></span> <span class='ocrx_word' id='word_1_285' title='bbox 315 1675 338 1692; x_wconf 79' lang='grc'>“</span> <span class='ocrx_word' id='word_1_286' title='bbox 354 1674 448 1712; x_wconf 88' lang='lat' dir='ltr'>Quod</span> <span class='ocrx_word' id='word_1_287' title='bbox 469 1685 586 1715; x_wconf 86' lang='lat' dir='ltr'>semper</span> <span class='ocrx_word' id='word_1_288' title='bbox 608 1681 759 1713; x_wconf 87' lang='lat' dir='ltr'>movetur,</span> <span class='ocrx_word' id='word_1_289' title='bbox 781 1680 929 1706; x_wconf 85' lang='lat' dir='ltr'>aeternum</span> <span class='ocrx_word' id='word_1_290' title='bbox 949 1679 1002 1704; x_wconf 90' lang='lat' dir='ltr'>est.</span> 
     </span>
     <span class='ocr_line' id='line_1_38' title="bbox 114 1716 1002 1759; baseline -0.001 -12"><span class='ocrx_word' id='word_1_291' title='bbox 114 1716 208 1754; x_wconf 78' lang='lat' dir='ltr'>Quod</span> <span class='ocrx_word' id='word_1_292' title='bbox 231 1723 333 1747; x_wconf 87' lang='lat' dir='ltr'>autem</span> <span class='ocrx_word' id='word_1_293' title='bbox 359 1724 478 1748; x_wconf 85' lang='lat' dir='ltr'>motum</span> <span class='ocrx_word' id='word_1_294' title='bbox 503 1718 590 1748; x_wconf 84' lang='lat' dir='ltr'>affert</span> <span class='ocrx_word' id='word_1_295' title='bbox 612 1718 713 1755; x_wconf 77' lang='lat' dir='ltr'>alicui,</span> <span class='ocrx_word' id='word_1_296' title='bbox 735 1718 878 1759; x_wconf 89' lang='lat' dir='ltr'>quodque</span> <span class='ocrx_word' id='word_1_297' title='bbox 902 1717 1002 1758; x_wconf 85' lang='lat' dir='ltr'>ipsum</span> 
     </span>
     <span class='ocr_line' id='line_1_39' title="bbox 112 1760 1004 1801; baseline 0 -11"><span class='ocrx_word' id='word_1_298' title='bbox 112 1760 243 1800; x_wconf 70' lang='lat' dir='ltr'>agitatur</span> <span class='ocrx_word' id='word_1_299' title='bbox 256 1760 388 1797; x_wconf 74' lang='lat' dir='ltr'>aliunde,</span> <span class='ocrx_word' id='word_1_300' title='bbox 403 1760 525 1801; x_wconf 82' lang='lat' dir='ltr'>quando</span> <span class='ocrx_word' id='word_1_301' title='bbox 540 1761 632 1792; x_wconf 86' lang='lat' dir='ltr'>finem</span> <span class='ocrx_word' id='word_1_302' title='bbox 648 1762 740 1792; x_wconf 79' lang='lat' dir='ltr'>habet</span> <span class='ocrx_word' id='word_1_303' title='bbox 755 1763 866 1800; x_wconf 74' lang='lat' dir='ltr'>motus,</span> <span class='ocrx_word' id='word_1_304' title='bbox 884 1760 1004 1792; x_wconf 83' lang='lat' dir='ltr'>vivendi</span> 
     </span>
    </p>

    <p class='ocr_par' dir='ltr' id='par_1_7' title="bbox 673 1805 745 1834">
     <span class='ocr_line' id='line_1_40' title="bbox 673 1805 745 1834; baseline -0.014 0"><span class='ocrx_word' id='word_1_305' title='bbox 673 1814 701 1834; x_wconf 81' lang='lat' dir='ltr'>M</span> <span class='ocrx_word' id='word_1_306' title='bbox 725 1805 745 1833; x_wconf 84' lang='lat'>3</span> 
     </span>
    </p>
   </div>
  </div>
 </body>
</html>
