1226 1935
263 55 325 87 DE
349 55 547 96 FINIBUS,
572 55 651 87 Lm.
669 55 729 87 IV.
753 54 838 87 ΟΜ».
861 55 910 86 19.
991 53 1029 85 51

142 149 206 171 esse
223 141 376 182 optabile:
400 142 483 184 quod
504 142 647 183 optabile,
668 141 700 172 id
720 151 783 172 esse
806 139 1031 182 expetendum:

141 183 224 223 quod
239 185 455 225 expetendum,
471 185 643 216 laudabile:
668 184 777 215 deinde
788 183 897 224 reliqui
909 183 1031 223 gradus.

141 225 202 255 sed
214 237 269 267 ego
284 228 315 257 in
331 228 387 258 hoc
399 229 521 258 resisto:
546 228 652 258 eodem
667 227 747 257 enim
764 227 856 257 modo
872 226 928 256 tibi
943 236 1033 255 nemo

140 268 236 307 dabit,
253 271 335 310 quod
346 271 551 312 expetendum
564 271 613 308 sit,
625 270 657 300 id
673 281 735 300 esse
749 269 911 300 laudabile.
944 268 1029 298 Illud

142 321 212 341 vero
230 313 357 344 minime
377 314 605 352 consectarium,
628 313 680 343 sed
700 313 731 342 in
754 313 861 354 primis
884 312 975 342 hebes
995 311 1034 341 il-

139 354 250 393 lorum,
275 356 452 396 gloriatione
467 357 591 397 dignam
604 367 666 387 esse
680 358 801 386 beatam
817 355 910 386 vitam
923 366 932 391 3
950 353 1032 395 quod

139 406 201 427 non
222 399 315 439 possit
335 399 398 430 sine
418 400 574 431 honestate
597 399 780 440 contingere,
805 403 841 429 ut
857 399 927 438 jure
947 397 1031 438 quis-

138 450 231 480 quam
248 442 401 482 glorietur.

182 483 278 514 Dabit
293 485 348 516 hoc
361 485 477 516 Zenoni
491 485 658 516 Polemon:
683 485 773 515 etiam
789 484 933 525 magister
949 482 1026 522 ejus,

137 531 167 556 et
187 533 250 557 tota
270 528 323 558 illa
342 539 426 569 gens,
449 535 478 559 et
499 528 619 570 reliqui,
641 529 706 569 qui,
729 529 872 558 virtutem
887 526 1031 556 omnibus

136 570 225 600 rebus
241 571 339 601 multo
359 578 585 613 anteponentes,
608 571 781 612 adjungunt
802 571 829 601 ei
850 576 952 600 tamen
973 568 1030 598 ali«

135 613 211 652 quid
227 624 347 644 summo
362 615 393 645 in
409 616 488 645 bono
504 615 646 645 finiendo.
685 615 718 645 Si
730 614 812 644 enim
825 614 920 643 virtus
936 612 1030 652 digna

136 662 180 685 est
195 656 383 696 gloriatione,
399 665 435 688 ut
450 664 504 694 est,
521 664 702 698 tantumque
717 663 839 698 praestat
854 655 966 687 caeteris
982 665 1029 685 re-

134 699 203 735 bus,
221 705 255 728 ut
270 700 329 730 dici
345 700 396 731 vix
410 701 523 741 possit3
548 707 577 731 et
592 702 697 731 beatus
717 711 779 730 esse
794 699 903 740 poterit
918 698 1029 728 virtute

135 741 199 771 unit.
218 743 373 782 praeditus,
395 754 498 774 carens
518 744 653 779 caeteri53
677 753 731 774 nec
752 749 854 773 tamen
875 741 952 772 illud
972 741 1029 771 tibi

135 785 286 821 concedet,
304 792 412 826 praeter
427 787 582 823 virtutem,
599 787 676 816 nihil
691 787 723 816 in
739 786 826 816 bonis
838 796 900 816 esse
916 784 1029 814 ducen-

135 826 222 857 dum.
258 829 310 859 Illi
325 835 440 867 autem,
457 830 569 870 quibus
584 839 741 859 summum
758 831 873 859 bonum
889 828 953 858 sine
968 827 1029 857 vir-

134 875 200 900 tute
215 876 269 909 est,
286 881 347 902 non
363 872 481 903 dabunt
495 873 630 911 fortasse,
648 873 741 902 vitam
757 873 878 902 beatam
903 871 1025 908 habere,

133 913 165 944 in
186 924 248 954 quo
269 915 338 954 jure
356 916 451 956 possit
470 916 612 956 gloriari:
637 916 692 945 etsi
714 914 760 944 illi
785 914 911 956 quidem
934 913 1026 944 etiam

134 957 303 997 voluptates
318 957 435 988 faciunt
449 959 603 989 interdum
619 959 772 999 gloriosas.
811 957 906 988 Vides
920 956 1026 996 igitur,

133 1004 162 1028 te
174 1006 227 1030 aut
242 1011 277 1030 ea
289 1011 419 1037 sumere,
431 1013 500 1042 quae
515 1012 577 1032 non
590 1001 805 1040 concedantur,
818 1006 872 1030 aut
886 1010 932 1038 ea,
945 1009 1027 1040 quae,

133 1041 225 1072 etiam
241 1053 390 1080 concessa,
407 1050 436 1074 te
451 1045 528 1074 nihil
540 1045 658 1084 juvent.

173 1085 269 1116 XIX,
292 1086 459 1129 Equidem,
483 1087 515 1117 in
531 1088 673 1118 omnibus
688 1087 752 1117 istis
768 1085 1023 1122 conclusionibus,

129 1127 186 1158 hoc
201 1135 341 1169 putarem
357 1130 549 1171 philosophia
565 1131 712 1171 nobisque
727 1130 869 1170 dignum,
892 1134 922 1158 et
937 1138 1026 1158 max-

128 1170 190 1201 ime
210 1182 281 1202 cum
302 1183 459 1203 summum
480 1175 597 1203 bonum
612 1183 827 1214 quaerentium,
844 1172 936 1202 vitam
955 1181 1025 1201 nos-

127 1219 218 1252 tram,
240 1215 374 1253 consilia,
397 1217 579 1254 voluntates,
596 1226 657 1246 non
673 1217 775 1253 verba,
798 1215 914 1255 corrigi.
944 1214 1024 1252 Quis

126 1257 208 1287 enim
220 1263 328 1298 potest,
347 1258 411 1288 istis
427 1262 510 1299 (quae
524 1265 564 1296 te,
581 1265 616 1289 ut
631 1259 685 1297 ais,
702 1259 865 1295 delectant)
880 1257 1024 1287 brevibus

126 1305 156 1330 et
171 1301 277 1339 acutis,
294 1301 415 1338 auditis,
433 1302 471 1332 de
482 1302 632 1332 sententia⁴
646 1302 788 1332 decedere
799 1303 813 1331 Ρ
838 1301 934 1338 Nam,
951 1310 1022 1330 cum

125 1353 161 1372 ea
181 1350 328 1384 spectant,
351 1351 381 1375 et
403 1351 494 1375 avent
513 1345 629 1383 audire,
653 1355 706 1375 cur
726 1344 811 1375 dolor
826 1344 944 1374 malum
960 1353 1021 1373 non

126 1385 164 1415 sit
177 1397 187 1421 ;
218 1387 323 1417 dicunt
357 1387 414 1425 illi,
449 1398 591 1428 asperum
618 1398 680 1418 esse
705 1387 817 1425 dolere,
845 1386 1021 1423 molestum,

126 1428 276 1467 odiosum,
290 1436 393 1460 contra
405 1436 558 1468 naturam,
572 1430 693 1461 difficile
705 1431 833 1461 toleratu
845 1440 855 1465 ;
873 1429 935 1467 sed,
949 1429 1022 1470 quia

128 1472 214 1502 nulla
238 1473 276 1502 sit
299 1473 331 1502 in
353 1473 455 1504 dolore
475 1483 530 1504 nec
554 1473 648 1510 fraus,
674 1484 729 1504 nec
752 1472 941 1514 improbitas,
965 1482 1020 1501 nec

127 1515 255 1553 malitia,
272 1526 327 1546 nec
339 1517 439 1557 culpa,
457 1527 511 1547 nec
521 1517 691 1557 turpitudo,
708 1526 769 1546 non
785 1526 847 1546 esse
862 1515 939 1545 illud
954 1524 1021 1544 ma-

126 1557 203 1587 lum.
229 1558 306 1589 Haec
321 1559 374 1600 qui
389 1559 529 1597 audierit,
546 1566 581 1590 ut
597 1560 693 1590 ridere
708 1569 769 1589 non
781 1563 876 1595 curet,
889 1558 1021 1588 discedet

127 1605 230 1631 tamen
253 1601 348 1632 nihilo
372 1602 488 1633 fimiior
511 1603 551 1633 ad
574 1602 709 1633 dolorem
731 1602 902 1639 ferendum,
924 1611 1019 1641 quam

130 1649 259 1674 venerat.
292 1644 345 1674 Tu
368 1651 471 1676 autem
495 1656 587 1686 negas
610 1645 720 1676 fortem
744 1656 807 1676 esse
831 1654 1019 1685 quemquam

128 1696 225 1725 posse,
249 1687 303 1728 qui
318 1687 452 1719 dolorem
466 1689 586 1719 malum
600 1694 697 1729 putet.
732 1688 797 1719 Cur
808 1687 914 1718 fortior
929 1687 978 1724 sit,
995 1686 1023 1716 si

126 1728 229 1769 (illud,
237 1730 320 1771 quod
331 1736 396 1762 tute
411 1731 561 1770 concedis)
573 1741 726 1773 asperum,
742 1737 773 1763 et
783 1731 836 1762 vix
847 1729 1019 1769 ferendum,
