1226 1935
288 80 350 112 DE
373 80 572 119 FINIBUS,
597 79 675 111 Lm.
694 79 759 112 111.
783 80 867 112 Cn.
884 81 915 113 3.
1029 84 1050 113 5

153 168 279 199 brorum
302 167 424 206 habeas,
448 177 524 208 quos
547 165 598 197 hic
620 166 743 197 tandem
767 166 894 208 requiris
908 169 922 198 ἓ
956 166 1050 200 Com-

153 211 317 241 mentarios
339 210 499 251 quosdam,
520 210 660 251 inquam,
682 210 886 248 AristoteliOS,
903 221 979 251 quos
999 211 1051 242 hic

152 254 283 284 sciebam
300 264 372 290 esse,
391 253 458 283 veni
475 259 509 283 ut
528 253 689 289 auferrem,
711 263 787 293 quos
806 253 949 293 legerem,
972 253 1049 284 dum

152 306 248 327 essem
264 296 397 331 otiosus;
418 296 499 336 quod
515 296 639 336 quidem
655 296 740 326 nobis
756 299 805 330 (ut
816 297 884 333 scis)
898 306 958 326 non
970 307 1050 338 saepe

151 339 308 380 contingit.
332 340 437 377 Quam
451 339 570 375 vellem,
581 339 693 379 inquit,
705 345 734 368 te
745 339 783 368 ad
795 341 911 369 Stoicos
922 339 1050 369 inclina-

152 382 241 412 visses
255 384 262 411 !
296 382 373 412 Erat
394 382 487 420 enim,
510 382 534 412 si
549 382 742 422 cujusquam,
760 388 838 412 certe
853 387 954 419 tuum,
971 381 1049 413 nihil

151 431 259 466 praeter
282 425 426 455 virtutem
449 424 480 454 in
503 424 589 454 bonis
611 425 728 455 ducere.
762 424 853 462 Vide,
878 434 916 454 ne
937 424 1046 465 magis,

151 468 289 508 inquam,
312 474 400 498 tuum
421 467 522 505 fuerit,
544 477 615 497 cum
635 478 666 498 re
686 467 768 498 idem
788 467 855 505 tibi,
872 467 955 509 quod
970 467 1048 498 mihi

151 511 312 547 videretur,
340 520 400 540 non
425 520 503 541 nova
531 509 592 551 [te]
620 512 709 541 rebus
733 510 858 540 nomina
880 511 1046 551 imponere·

152 553 244 583 Ratio
259 553 341 583 enim
357 559 458 583 nostra
469 553 636 589 consentit;
656 553 750 583 oratio
762 559 887 594 pugnat.
912 553 1047 584 Minime

150 607 231 633 vero,
252 596 352 637 inquit
373 597 435 633 ille,
457 596 612 626 consentit.
645 596 807 637 Quidquid
822 596 915 633 enim,
938 602 1047 637 praeter

149 639 181 669 id
202 639 284 680 quod
305 639 466 669 honestum
487 639 536 677 sit,
558 639 764 680 expetendum
785 649 848 669 esse
868 638 991 677 dixeris,
1013 639 1045 669 in

150 683 299 723 bonisque
311 683 531 718 numeraveris;
550 688 579 712 et
590 682 751 712 honestum
763 682 876 723 ipsum,
888 681 975 723 quasi
985 682 1046 712 vir-

151 726 223 755 tutis
236 725 352 762 lumen,
366 725 554 763 exstinxeris,
568 731 597 755 et
607 725 749 755 virtutem
761 725 882 766 penitus
894 725 1044 755 everteris.

193 768 348 798 Dicuntur
366 768 433 805 ista,
457 769 545 804 Cato,
567 767 739 808 magnifice,
762 768 909 810 inquam:
934 767 986 797 sed
1001 768 1047 798 vi-

148 811 251 848 desne,
269 812 430 841 verborum
445 811 574 851 gloriam
590 811 647 841 tibi
661 821 731 841 cum
744 811 902 852 Pyrrhone
917 816 947 841 et
957 811 1047 841 Aris-

148 860 229 891 tone,
255 853 308 894 qui
332 854 435 884 omnia
457 859 629 894 exaequent,
664 864 726 884 esse
758 855 980 884 communem?
1007 853 1046 884 de

148 897 271 938 quibus,
297 897 386 937 cupio
413 897 497 935 scire,
525 896 600 937 quid
625 896 744 926 sentias.
778 896 898 936 Egone,
922 896 1045 937 quaeris,

148 939 260 980 inquit,
274 940 359 976 scire,
373 940 448 980 quid
460 940 587 970 sentiam
596 941 610 970 Ξ)
633 940 721 977 Quos
732 940 826 969 bonos
839 939 928 977 viros,
941 938 1044 978 fortes,

145 984 254 1022 justos,
272 983 441 1013 moderatos
459 988 512 1012 aut
533 982 707 1013 audivimus
722 982 753 1012 in
770 982 926 1023 republica
940 981 1044 1021 fuisse,

148 1032 201 1056 aut
219 1026 276 1066 ipsi
298 1026 448 1063 vidimus;
477 1025 542 1067 qui,
566 1025 630 1055 sine
650 1025 715 1055 ulla
733 1024 880 1064 doctrina,
903 1030 1045 1056 naturam

148 1069 247 1110 ipsam
263 1069 366 1107 secuti,
384 1070 483 1099 multa
502 1068 669 1099 laudabilia
689 1068 844 1104 fecerunt3
869 1078 918 1098 eos
936 1067 1046 1098 melius

148 1123 166 1142 a
182 1112 291 1142 natura
305 1112 457 1142 institutos
478 1111 580 1149 fuisse,
601 1121 695 1152 quam
713 1111 830 1142 institui
845 1111 1013 1152 potuissent
1027 1121 1047 1141 a

148 1155 351 1196 philosophia,
369 1155 394 1185 si
409 1155 505 1185 ullam
521 1155 613 1184 aliam
625 1154 843 1195 probavissent,
856 1160 966 1195 praeter
977 1163 1046 1184 eam

148 1209 218 1240 quae
233 1198 309 1228 nihil
325 1198 409 1228 aliud
423 1198 455 1228 in
471 1198 557 1228 bonis
569 1198 671 1236 habet,
684 1197 741 1227 nisi
753 1197 934 1234 honestum;
954 1197 1043 1234 nihil,

149 1241 207 1271 nisi
230 1247 328 1282 turpe,
353 1242 385 1272 in
406 1241 505 1271 malis.
538 1241 663 1271 Caeterae
683 1240 935 1281 philosophorum
956 1240 1046 1271 disci-

148 1285 252 1325 plinae,
278 1285 402 1314 omnino
423 1284 482 1314 alia
502 1284 601 1324 magis
621 1284 702 1320 aliix;
730 1283 782 1313 sed
804 1290 905 1313 tamen
926 1293 1043 1321 omnes,

149 1338 218 1369 quae
234 1338 297 1358 rem
314 1328 409 1357 ullam
426 1327 544 1358 virtutis
561 1334 714 1367 expertem
727 1331 780 1356 aut
795 1326 826 1355 in
841 1325 929 1356 bonis
944 1332 998 1356 aut
1013 1326 1045 1356 in

148 1371 238 1401 malis
253 1376 424 1406 numerent,
447 1381 496 1400 eas
517 1380 578 1399 non
599 1369 690 1400 modo
711 1369 788 1399 nihil
806 1368 950 1408 adjuvare
965 1369 1045 1399 arbi-

150 1420 222 1451 tror,
246 1423 344 1454 neque
367 1413 517 1454 [afferre,]
541 1423 602 1453 quo
623 1412 762 1442 meliores
788 1411 893 1449 simus,
922 1411 973 1442 sed
999 1411 1047 1452 ip-

149 1467 214 1487 sam
230 1456 392 1497 depravare
408 1462 558 1486 naturam.
584 1456 668 1486 Nam
681 1455 706 1485 si
717 1455 775 1485 hoc
787 1464 848 1484 non
860 1455 1044 1492 obtineatur,

148 1499 180 1530 id
196 1500 295 1529 solum
311 1501 426 1529 bonum
439 1509 501 1529 esse
514 1498 596 1539 quod
608 1499 770 1528 honestum
786 1497 835 1533 sit,
852 1498 938 1528 nullo
953 1497 1046 1527 modo

149 1542 270 1582 probari
290 1542 395 1583 possit,
417 1543 537 1572 beatam
557 1542 651 1571 vitam
668 1541 778 1571 virtute
794 1540 879 1571 effici.
912 1540 1006 1578 Quod
1020 1540 1047 1570 si

149 1585 192 1614 ita
208 1585 264 1621 sit;
289 1595 341 1615 eur
357 1595 448 1625 opera
462 1585 662 1625 philosophiae
680 1584 718 1614 sit
737 1583 848 1621 danda,
871 1583 979 1613 nescio.
1012 1583 1047 1614 Si

150 1628 232 1658 enim
248 1628 365 1668 sapiens
381 1628 491 1668 aliquis
507 1629 597 1657 miser
613 1637 674 1658 esse
689 1627 794 1667 possit,
812 1636 860 1656 nae
881 1636 936 1667 ego
956 1626 1047 1656 istam

148 1671 311 1711 gloriosam
341 1671 634 1712 memorabilemque
663 1670 808 1701 virtutem
837 1679 898 1700 non
933 1679 1047 1710 magno

151 1714 361 1745 aestimandam
377 1720 493 1755 putem.
768 1756 788 1786 ὃ

724 1764 744 1786 B
768 1756 776 1765 .
