1226 1935
271 55 333 87 DE
357 55 557 93 FINIBUS,
583 54 662 86 Lm.
681 54 741 86 IV.
766 53 850 86 CAP.
870 54 918 85 14.
1003 53 1045 84 45

148 141 229 172 enim
245 141 344 183 ipsa„
325 142 431 172 ‹renuit
447 141 615 179 hominem,
633 140 685 171 sed
700 140 814 181 accepit
834 150 852 170 a
872 138 982 170 natura
998 138 1047 169 in-

148 184 301 215 choatum.
335 185 445 216 Hanc'
437 192 569 221 intuens,
583 184 672 214 debet
684 184 860 214 institutum
869 183 947 213 illud
957 181 1045 223 quasi

148 227 271 268 signum
287 229 450 259 absolvere.
495 227 630 266 Qualem
650 227 744 268 igitur
764 232 874 256 natura
888 226 1046 256 hominem

148 270 318 302 inchoavit‘
311 277 323 293 ³
343 278 372 301 et
387 271 470 312 quod
485 277 529 301 est
543 280 668 307 munuS,
685 269 768 310 quod
780 280 856 310 opus
868 268 1038 309 sapientiae.
1031 269 1045 290 ⁹

149 313 235 350 Quid
251 320 306 351 est,
323 314 405 355 quod
425 315 464 344 ab
485 314 520 344 οἲι
541 313 654 344 absolvi
674 320 704 343 et
723 312 825 353 perfici
847 312 979 342 debeat?
1013 310 1046 340 Si

147 356 248 386 nihil·
241 367 271 387 m
291 367 326 387 eo
346 357 565 397 perficiendum
586 362 640 392 est,
662 363 771 397 praeter
790 361 910 385 motum
931 353 1047 394 ingenii

150 400 327 439 quemdam,
349 400 381 429 id
402 406 457 437 est,
475 400 643 430 rationem·
634 421 644 435 ,
672 409 790 429 necesse
805 403 859 435 est,
884 397 956 428 huic
975 396 1049 426 ulti-

149 451 237 472 mum
259 453 331 480 esse,
355 453 392 473 ex
414 443 524 473 virtute
545 442 640 472 vitam
661 442 792 482 fingere.
821 440 944 471 rationis
965 439 1048 470 enim

148 484 292 525 perfectio
316 491 360 516 est
374 485 488 516 virtus:
513 485 559 515 sin
581 485 669 522 nihil,
692 485 749 514 nisi
771 494 900 525 corpus;
925 492 1047 513 summa

150 534 239 558 erunt
262 528 327 567 illa,
354 528 506 565 valetudo,
534 528 668 558 vacuitas
691 527 813 564 doloris,
840 525 1048 567 pulchritudo,

150 577 180 601 et
196 577 310 602 caetera.
335 571 367 601 N
370 581 430 601 unc
445 571 483 601 de
497 571 629 601 hominis
644 580 766 601 summo
780 571 861 600 bono
876 569 1033 610 quaeritur.

193 613 287 644 XIV.
311 614 397 652 Quid
413 625 483 655 ergo
499 613 686 651 dubitamus,
702 613 734 643 in
755 613 819 643 tota
839 613 904 652 ejus
925 611 1047 649 natura,

151 667 296 697 quaerere,
313 657 388 698 quid
404 657 441 687 sit
456 657 596 687 effectum
609 658 623 687 ‚⁹
647 656 729 687 Cum
745 656 826 687 enim
843 661 957 686 constet
972 655 1050 684 inter

150 709 266 738 omnes,
288 710 379 730 omne
408 700 542 730 officium
572 709 747 740 munusque
768 698 922 740 sapientiae
943 699 975 728 in
995 698 1052 727 ho-

149 742 241 772 minis
263 743 347 773 cultu
369 753 431 773 esse
449 749 652 783 occupatum3
681 743 733 772 alii
753 745 806 777 (ne
825 752 875 772 me
896 741 1049 772 existimes

150 791 254 815 contra
270 786 385 816 Stoicos
401 786 500 816 solum
522 785 633 823 dicere)
655 796 704 815 eas
726 785 888 816 sententias
907 784 1049 821 afferunt,

150 833 186 858 ut
205 838 363 859 summum
383 830 500 859 bonum
521 829 552 858 in
576 839 610 858 eo
631 838 740 868 genere
761 833 887 869 ponant,
907 827 990 868 quod
1012 827 1050 857 sit

150 877 236 901 extra
251 877 386 902 nostram
401 878 592 912 potestatem,
609 877 769 912 tamquam
789 871 826 901 de
847 870 973 900 animali
993 870 1050 900 ali-

150 923 212 954 quo
227 914 412 955 loquantur:
437 915 490 944 alii
504 920 618 952 contra,
636 914 723 955 quasi
745 914 867 944 nullum
886 923 995 954 corpus
1011 912 1049 943 sit

150 956 293 994 hominis,
320 958 374 995 ita,
401 964 510 998 praeter
536 957 688 995 animum,
716 957 793 987 nihil
816 962 946 992 curant;
978 966 1049 986 cum

150 1001 316 1039 praesertim
331 1001 395 1041 ipse
410 1011 532 1042 quoque
547 1001 668 1030 animus
683 1010 744 1030 non
760 1000 850 1030 inane
861 999 961 1030 nescio
973 999 1049 1040 quid

150 1042 189 1072 sit
201 1046 314 1084 (neque
326 1044 407 1074 enim
419 1044 451 1074 id
463 1054 587 1085 possum
600 1043 793 1083 intelligere),
808 1043 859 1073 sed
870 1042 901 1072 in
915 1042 1049 1083 quodam

148 1095 257 1126 genere
282 1087 434 1128 corporis3
454 1093 489 1117 ut
509 1097 548 1117 ne
567 1087 593 1117 is
617 1086 741 1127 quidem
763 1086 874 1116 virtute
895 1086 958 1115 una
979 1095 1050 1115 con-

148 1134 249 1159 tentus
274 1129 322 1168 sit,
348 1129 400 1160 sed
420 1135 543 1170 appetat
563 1129 744 1159 vacuitatem
771 1129 892 1159 doloris.
927 1128 1049 1166 Quam-

149 1172 254 1202 obrem
281 1173 404 1214 utrique
429 1173 510 1203 idem
536 1172 662 1211 faciunt,
690 1178 726 1202 ut
747 1172 773 1203 si
795 1172 905 1201 laevam
928 1177 1048 1212 partem

148 1214 347 1255 negligerent,
371 1216 527 1246 dexteram
551 1221 731 1250 tuerentur3
760 1222 814 1245 aut
835 1214 931 1255 ipsius
954 1214 1050 1244 animi

149 1260 197 1291 (ut
212 1257 282 1288 fecit
298 1259 449 1297 Herulus)
465 1259 669 1299 cognitionem
684 1258 943 1298 amplexarentur,
957 1258 1050 1288 actio-

149 1309 221 1330 nem
234 1301 446 1342 relinquerent.
470 1302 588 1332 Eorum
601 1301 684 1331 enim
695 1301 847 1338 omnium,
860 1301 960 1330 multa
970 1311 1049 1341 prae-

148 1344 392 1383 termittentium‚
403 1345 478 1375 dum
499 1345 613 1385 eligant
631 1344 758 1385 aliquid,
775 1343 858 1385 quod
870 1350 1047 1384 sequantur,

150 1386 237 1426 quasi
262 1394 346 1418 curta
370 1388 526 1418 sententia„
565 1387 612 1417 At
634 1398 703 1417 vero
725 1387 779 1417 ina
799 1386 932 1427 perfecta
957 1392 1050 1427 atque

148 1429 238 1469 plena
250 1440 366 1467 eorum,
380 1431 444 1472 qui,
458 1441 529 1462 cum
541 1431 578 1461 de
594 1430 725 1460 hominis
738 1440 858 1460 summo
870 1431 951 1459 bono
963 1440 1047 1470 quae-

149 1479 258 1510 rorent,
285 1474 404 1504 nullam
429 1475 461 1504 in
489 1484 524 1504 eo
550 1483 649 1514 neque
675 1473 770 1503 animi
792 1483 893 1514 neque
915 1473 1048 1514 corporis

148 1521 266 1555 partem
282 1527 408 1547 vacuam
425 1518 521 1547 tutela
536 1517 734 1557 reliquerunt.

194 1558 256 1588 Vos
271 1565 384 1597 autem,
403 1560 490 1597 Cato,
507 1559 580 1600 quia
596 1560 690 1589 virtus
711 1562 759 1592 (ut
777 1569 882 1588 omnes
899 1558 1046 1596 fatemur)

148 1600 331 1631 altissimum
346 1603 470 1633 locum'
463 1613 494 1633 111
510 1603 633 1632 homine
649 1608 677 1632 et
692 1602 828 1632 maxime
845 1602 1044 1632 excellentem

147 1648 239 1681 tenet,
256 1650 285 1674 et
304 1646 385 1685 quod
406 1656 466 1683 eos,
488 1645 541 1687 qui
562 1646 710 1686 sapientes
731 1650 814 1681 sunt,
840 1645 994 1675 absolutos
1017 1651 1046 1674 et

145 1686 290 1725 perfectos
306 1694 470 1728 putamus;
492 1689 587 1719 aciem
603 1689 776 1718 animorum
793 1693 968 1718 nostrorum
984 1687 1045 1717 vir-

143 1728 215 1760 tutis
227 1730 385 1771 splendore
395 1731 678 1773 praestringitis.1n
694 1731 779 1762 omni
791 1731 874 1761 enim
886 1731 1042 1762 animante
