<?xml version="1.0" encoding="UTF-8"?>
<!DOCTYPE html PUBLIC "-//W3C//DTD XHTML 1.0 Transitional//EN"
    "http://www.w3.org/TR/xhtml1/DTD/xhtml1-transitional.dtd">
<html xmlns="http://www.w3.org/1999/xhtml" xml:lang="en" lang="en">
 <head>
  <title>
</title>
<meta http-equiv="Content-Type" content="text/html;charset=utf-8" />
  <meta name='ocr-system' content='tesseract 3.04.00' />
  <meta name='ocr-capabilities' content='ocr_page ocr_carea ocr_par ocr_line ocrx_word'/>
</head>
<body>
  <div class='ocr_page' id='page_1' title='image "./operaern03ciceuoft_0275.png"; bbox 0 0 1226 1935; ppageno 0'>
   <div class='ocr_carea' id='block_1_1' title="bbox 222 74 987 114">
    <p class='ocr_par' dir='ltr' id='par_1_1' title="bbox 222 74 987 114">
     <span class='ocr_line' id='line_1_1' title="bbox 222 74 987 114; baseline 0 -8"><span class='ocrx_word' id='word_1_1' title='bbox 222 74 345 107; x_wconf 69' lang='lat' dir='ltr'><strong>TUSC.</strong></span> <span class='ocrx_word' id='word_1_2' title='bbox 362 75 534 114; x_wconf 74' lang='lat' dir='ltr'>QUAEST.</span> <span class='ocrx_word' id='word_1_3' title='bbox 552 76 631 106; x_wconf 77' lang='lat' dir='ltr'><strong>Lm.</strong></span> <span class='ocrx_word' id='word_1_4' title='bbox 651 75 690 106; x_wconf 95' lang='lat' dir='ltr'><strong>V.</strong></span> <span class='ocrx_word' id='word_1_5' title='bbox 711 76 795 107; x_wconf 71' lang='lat' dir='ltr'><strong>CAP.</strong></span> <span class='ocrx_word' id='word_1_6' title='bbox 817 75 865 107; x_wconf 92' lang='grc'><strong>10.</strong></span> <span class='ocrx_word' id='word_1_7' title='bbox 927 75 987 106; x_wconf 76' lang='lat'><strong>261</strong></span> 
     </span>
    </p>
   </div>
   <div class='ocr_carea' id='block_1_2' title="bbox 90 160 993 1753">
    <p class='ocr_par' dir='ltr' id='par_1_2' title="bbox 91 160 993 1236">
     <span class='ocr_line' id='line_1_2' title="bbox 146 160 993 203; baseline 0.001 -13"><span class='ocrx_word' id='word_1_8' title='bbox 146 160 200 191; x_wconf 86' lang='lat' dir='ltr'><strong>Au</strong></span> <span class='ocrx_word' id='word_1_9' title='bbox 215 161 370 197; x_wconf 80' lang='lat' dir='ltr'><strong>malumus</strong></span> <span class='ocrx_word' id='word_1_10' title='bbox 385 161 470 203; x_wconf 71' lang='lat' dir='ltr'><strong>Epic</strong></span> <span class='ocrx_word' id='word_1_11' title='bbox 468 172 556 192; x_wconf 74' lang='lat' dir='ltr'><strong>irum</strong></span> <span class='ocrx_word' id='word_1_12' title='bbox 572 162 685 192; x_wconf 76' lang='lat' dir='ltr'><strong>imitari</strong></span> <span class='ocrx_word' id='word_1_13' title='bbox 696 162 710 190; x_wconf 72' lang='grc' dir='ltr'>Ρ</span> <span class='ocrx_word' id='word_1_14' title='bbox 733 162 787 203; x_wconf 89' lang='lat' dir='ltr'><strong>qui</strong></span> <span class='ocrx_word' id='word_1_15' title='bbox 802 162 901 192; x_wconf 79' lang='lat' dir='ltr'><strong>multa</strong></span> <span class='ocrx_word' id='word_1_16' title='bbox 915 172 993 202; x_wconf 71' lang='lat' dir='ltr'><strong>prze-</strong></span> 
     </span>
     <span class='ocr_line' id='line_1_3' title="bbox 102 202 993 246; baseline 0.002 -13"><span class='ocrx_word' id='word_1_17' title='bbox 102 202 181 234; x_wconf 80' lang='lat' dir='ltr'><strong>clare</strong></span> <span class='ocrx_word' id='word_1_18' title='bbox 196 215 274 245; x_wconf 85' lang='lat' dir='ltr'><strong>saepe</strong></span> <span class='ocrx_word' id='word_1_19' title='bbox 288 205 381 235; x_wconf 87' lang='lat' dir='ltr'><strong>dicit:</strong></span> <span class='ocrx_word' id='word_1_20' title='bbox 406 215 499 246; x_wconf 79' lang='lat' dir='ltr'><strong>quam</strong></span> <span class='ocrx_word' id='word_1_21' title='bbox 516 205 597 236; x_wconf 86' lang='lat' dir='ltr'><strong>enim</strong></span> <span class='ocrx_word' id='word_1_22' title='bbox 619 206 675 236; x_wconf 84' lang='lat' dir='ltr'><strong>sibi</strong></span> <span class='ocrx_word' id='word_1_23' title='bbox 696 211 866 235; x_wconf 81' lang='lat' dir='ltr'>constanter</span> <span class='ocrx_word' id='word_1_24' title='bbox 886 215 993 235; x_wconf 80' lang='lat' dir='ltr'><strong>c01ve-</strong></span> 
     </span>
     <span class='ocr_line' id='line_1_4' title="bbox 103 246 993 288; baseline 0.002 -12"><span class='ocrx_word' id='word_1_25' title='bbox 103 246 279 288; x_wconf 86' lang='lat' dir='ltr'><strong>nienterque</strong></span> <span class='ocrx_word' id='word_1_26' title='bbox 294 248 385 285; x_wconf 82' lang='lat' dir='ltr'><strong>dicat,</strong></span> <span class='ocrx_word' id='word_1_27' title='bbox 406 257 467 277; x_wconf 83' lang='lat' dir='ltr'><strong>non</strong></span> <span class='ocrx_word' id='word_1_28' title='bbox 488 248 614 278; x_wconf 78' lang='lat' dir='ltr'><strong>laborat.</strong></span> <span class='ocrx_word' id='word_1_29' title='bbox 649 248 771 278; x_wconf 82' lang='lat' dir='ltr'><strong>Laudat</strong></span> <span class='ocrx_word' id='word_1_30' title='bbox 790 254 912 278; x_wconf 83' lang='lat' dir='ltr'><strong>tenuem</strong></span> <span class='ocrx_word' id='word_1_31' title='bbox 933 248 993 278; x_wconf 89' lang='lat' dir='ltr'><strong>vic-</strong></span> 
     </span>
     <span class='ocr_line' id='line_1_5' title="bbox 103 290 993 331; baseline 0.001 -12"><span class='ocrx_word' id='word_1_32' title='bbox 103 294 179 319; x_wconf 85' lang='lat' dir='ltr'><strong>tum.</strong></span> <span class='ocrx_word' id='word_1_33' title='bbox 214 290 392 331; x_wconf 74' lang='lat' dir='ltr'>Philosophi</span> <span class='ocrx_word' id='word_1_34' title='bbox 416 290 447 320; x_wconf 89' lang='lat' dir='ltr'><strong>id</strong></span> <span class='ocrx_word' id='word_1_35' title='bbox 471 291 616 331; x_wconf 79' lang='lat' dir='ltr'><strong>quide1n3</strong></span> <span class='ocrx_word' id='word_1_36' title='bbox 647 291 698 321; x_wconf 81' lang='lat' dir='ltr'><strong>sed</strong></span> <span class='ocrx_word' id='word_1_37' title='bbox 724 291 749 321; x_wconf 90' lang='lat' dir='ltr'><strong>si</strong></span> <span class='ocrx_word' id='word_1_38' title='bbox 775 292 910 321; x_wconf 76' lang='lat' dir='ltr'>Socrates</span> <span class='ocrx_word' id='word_1_39' title='bbox 940 297 993 321; x_wconf 82' lang='lat' dir='ltr'><strong>aut</strong></span> 
     </span>
     <span class='ocr_line' id='line_1_6' title="bbox 100 332 993 374; baseline 0.002 -12"><span class='ocrx_word' id='word_1_40' title='bbox 100 332 299 363; x_wconf 79' lang='lat' dir='ltr'>Antisthenes</span> <span class='ocrx_word' id='word_1_41' title='bbox 315 333 436 370; x_wconf 87' lang='lat' dir='ltr'><strong>diceret,</strong></span> <span class='ocrx_word' id='word_1_42' title='bbox 453 344 512 363; x_wconf 87' lang='lat' dir='ltr'><strong>non</strong></span> <span class='ocrx_word' id='word_1_43' title='bbox 535 334 570 371; x_wconf 86' lang='lat' dir='ltr'><strong>is,</strong></span> <span class='ocrx_word' id='word_1_44' title='bbox 588 334 642 374; x_wconf 86' lang='lat' dir='ltr'><strong>qui</strong></span> <span class='ocrx_word' id='word_1_45' title='bbox 663 334 755 364; x_wconf 83' lang='lat' dir='ltr'><strong>finem</strong></span> <span class='ocrx_word' id='word_1_46' title='bbox 774 335 923 364; x_wconf 87' lang='lat' dir='ltr'><strong>bonorum</strong></span> <span class='ocrx_word' id='word_1_47' title='bbox 940 344 993 364; x_wconf 88' lang='lat' dir='ltr'><strong>vo-</strong></span> 
     </span>
     <span class='ocr_line' id='line_1_7' title="bbox 100 374 993 425; baseline 0.003 -21"><span class='ocrx_word' id='word_1_48' title='bbox 100 374 248 415; x_wconf 65' lang='lat' dir='ltr'><strong>luptatem</strong></span> <span class='ocrx_word' id='word_1_49' title='bbox 274 387 337 407; x_wconf 86' lang='lat' dir='ltr'><strong>esse</strong></span> <span class='ocrx_word' id='word_1_50' title='bbox 357 376 476 406; x_wconf 85' lang='lat' dir='ltr'><strong>dixerit.</strong></span> <span class='ocrx_word' id='word_1_51' title='bbox 513 377 625 418; x_wconf 83' lang='lat' dir='ltr'><strong>Negat,</strong></span> <span class='ocrx_word' id='word_1_52' title='bbox 650 387 836 425; x_wconf 85' lang='lat' dir='ltr'>quemquam</span> <span class='ocrx_word' id='word_1_53' title='bbox 858 376 993 415; x_wconf 83' lang='lat' dir='ltr'><strong>jucunde</strong></span> 
     </span>
     <span class='ocr_line' id='line_1_8' title="bbox 100 419 991 466; baseline 0.001 -18"><span class='ocrx_word' id='word_1_54' title='bbox 100 428 186 466; x_wconf 78' lang='lat' dir='ltr'><strong>posse</strong></span> <span class='ocrx_word' id='word_1_55' title='bbox 202 419 311 456; x_wconf 83' lang='lat' dir='ltr'><strong>vivere,</strong></span> <span class='ocrx_word' id='word_1_56' title='bbox 333 420 391 450; x_wconf 88' lang='lat' dir='ltr'><strong>nisi</strong></span> <span class='ocrx_word' id='word_1_57' title='bbox 411 419 491 450; x_wconf 85' lang='lat' dir='ltr'><strong>idem</strong></span> <span class='ocrx_word' id='word_1_58' title='bbox 512 419 647 457; x_wconf 81' lang='lat' dir='ltr'><strong>honeste,</strong></span> <span class='ocrx_word' id='word_1_59' title='bbox 670 420 829 460; x_wconf 75' lang='lat' dir='ltr'><strong>sapienter,</strong></span> <span class='ocrx_word' id='word_1_60' title='bbox 849 420 991 460; x_wconf 87' lang='lat' dir='ltr'><strong>justeque</strong></span> 
     </span>
     <span class='ocr_line' id='line_1_9' title="bbox 100 461 991 504; baseline 0.001 -13"><span class='ocrx_word' id='word_1_61' title='bbox 100 461 189 492; x_wconf 83' lang='lat' dir='ltr'><strong>vivat.</strong></span> <span class='ocrx_word' id='word_1_62' title='bbox 215 462 303 492; x_wconf 80' lang='lat' dir='ltr'><strong>Nihil</strong></span> <span class='ocrx_word' id='word_1_63' title='bbox 318 462 450 503; x_wconf 79' lang='lat' dir='ltr'><strong>gravius,</strong></span> <span class='ocrx_word' id='word_1_64' title='bbox 467 463 544 492; x_wconf 91' lang='lat' dir='ltr'><strong>nihil</strong></span> <span class='ocrx_word' id='word_1_65' title='bbox 560 463 750 504; x_wconf 78' lang='lat' dir='ltr'><strong>philosophia</strong></span> <span class='ocrx_word' id='word_1_66' title='bbox 766 463 908 503; x_wconf 71' lang='lat' dir='ltr'><strong>dignius3</strong></span> <span class='ocrx_word' id='word_1_67' title='bbox 933 462 991 492; x_wconf 81' lang='lat' dir='ltr'><strong>nisi</strong></span> 
     </span>
     <span class='ocr_line' id='line_1_10' title="bbox 97 503 991 547; baseline 0.002 -14"><span class='ocrx_word' id='word_1_68' title='bbox 97 503 179 534; x_wconf 89' lang='lat' dir='ltr'><strong>idem</strong></span> <span class='ocrx_word' id='word_1_69' title='bbox 194 505 273 535; x_wconf 90' lang='lat' dir='ltr'><strong>hoc</strong></span> <span class='ocrx_word' id='word_1_70' title='bbox 266 515 379 546; x_wconf 79' lang='lat' dir='ltr'><strong>ipsum,</strong></span> <span class='ocrx_word' id='word_1_71' title='bbox 395 505 530 543; x_wconf 79' lang='lat' dir='ltr'><strong>honeste,</strong></span> <span class='ocrx_word' id='word_1_72' title='bbox 544 507 704 547; x_wconf 74' lang='lat' dir='ltr'><strong>sapienter,</strong></span> <span class='ocrx_word' id='word_1_73' title='bbox 719 507 811 546; x_wconf 84' lang='lat' dir='ltr'><strong>juste,</strong></span> <span class='ocrx_word' id='word_1_74' title='bbox 827 506 866 535; x_wconf 88' lang='lat' dir='ltr'><strong>ad</strong></span> <span class='ocrx_word' id='word_1_75' title='bbox 885 505 991 546; x_wconf 88' lang='lat' dir='ltr'>volup-</span> 
     </span>
     <span class='ocr_line' id='line_1_11' title="bbox 99 548 992 598; baseline 0.002 -21"><span class='ocrx_word' id='word_1_76' title='bbox 99 552 193 578; x_wconf 83' lang='lat' dir='ltr'><strong>tatem</strong></span> <span class='ocrx_word' id='word_1_77' title='bbox 212 548 342 579; x_wconf 82' lang='lat' dir='ltr'>referret.</span> <span class='ocrx_word' id='word_1_78' title='bbox 366 548 452 586; x_wconf 88' lang='lat' dir='ltr'><strong>Quid</strong></span> <span class='ocrx_word' id='word_1_79' title='bbox 467 549 587 598; x_wconf 79' lang='lat' dir='ltr'><strong>melius,</strong></span> <span class='ocrx_word' id='word_1_80' title='bbox 604 560 698 590; x_wconf 86' lang='lat' dir='ltr'><strong>quam</strong></span> <span class='ocrx_word' id='word_1_81' title='bbox 722 552 744 566; x_wconf 64' lang='lat'><strong>‘⁸</strong></span> <span class='ocrx_word' id='word_1_82' title='bbox 757 549 912 579; x_wconf 77' lang='lat' dir='ltr'><strong>fortunam</strong></span> <span class='ocrx_word' id='word_1_83' title='bbox 928 549 992 579; x_wconf 74' lang='lat' dir='ltr'><strong>exi-</strong></span> 
     </span>
     <span class='ocr_line' id='line_1_12' title="bbox 94 591 989 632; baseline 0.003 -13"><span class='ocrx_word' id='word_1_84' title='bbox 94 600 190 630; x_wconf 83' lang='lat' dir='ltr'><strong>guam</strong></span> <span class='ocrx_word' id='word_1_85' title='bbox 206 591 386 622; x_wconf 90' lang='lat' dir='ltr'><strong>intervenire</strong></span> <span class='ocrx_word' id='word_1_86' title='bbox 401 592 528 632; x_wconf 74' lang='lat' dir='ltr'><strong>sapienti</strong></span> <span class='ocrx_word' id='word_1_87' title='bbox 537 592 574 621; x_wconf 79' lang='lat'><strong>?&#39;&#39;</strong></span> <span class='ocrx_word' id='word_1_88' title='bbox 598 592 657 623; x_wconf 76' lang='lat' dir='ltr'><strong>Sed</strong></span> <span class='ocrx_word' id='word_1_89' title='bbox 672 592 730 622; x_wconf 89' lang='lat' dir='ltr'><strong>hoc</strong></span> <span class='ocrx_word' id='word_1_90' title='bbox 743 592 807 622; x_wconf 88' lang='lat' dir='ltr'><strong>isne</strong></span> <span class='ocrx_word' id='word_1_91' title='bbox 822 592 906 630; x_wconf 83' lang='lat' dir='ltr'><strong>dicit,</strong></span> <span class='ocrx_word' id='word_1_92' title='bbox 923 592 989 632; x_wconf 81' lang='lat' dir='ltr'><strong>qui,</strong></span> 
     </span>
     <span class='ocr_line' id='line_1_13' title="bbox 97 633 990 672; baseline 0.002 -9"><span class='ocrx_word' id='word_1_93' title='bbox 97 643 168 663; x_wconf 90' lang='lat' dir='ltr'><strong>cum</strong></span> <span class='ocrx_word' id='word_1_94' title='bbox 189 633 325 664; x_wconf 89' lang='lat' dir='ltr'><strong>dolorem</strong></span> <span class='ocrx_word' id='word_1_95' title='bbox 340 644 401 665; x_wconf 90' lang='lat' dir='ltr'><strong>non</strong></span> <span class='ocrx_word' id='word_1_96' title='bbox 416 635 507 665; x_wconf 91' lang='lat' dir='ltr'><strong>modo</strong></span> <span class='ocrx_word' id='word_1_97' title='bbox 528 636 701 666; x_wconf 80' lang='lat' dir='ltr'><strong>maximum</strong></span> <span class='ocrx_word' id='word_1_98' title='bbox 722 635 852 672; x_wconf 78' lang='lat' dir='ltr'><strong>malum,</strong></span> <span class='ocrx_word' id='word_1_99' title='bbox 869 635 921 665; x_wconf 88' lang='lat' dir='ltr'><strong>sed</strong></span> <span class='ocrx_word' id='word_1_100' title='bbox 942 646 990 665; x_wconf 89' lang='lat' dir='ltr'><strong>so-</strong></span> 
     </span>
     <span class='ocr_line' id='line_1_14' title="bbox 96 676 990 719; baseline 0.003 -14"><span class='ocrx_word' id='word_1_101' title='bbox 96 676 163 706; x_wconf 90' lang='lat' dir='ltr'><strong>lum</strong></span> <span class='ocrx_word' id='word_1_102' title='bbox 179 677 297 707; x_wconf 83' lang='lat' dir='ltr'><strong>malum</strong></span> <span class='ocrx_word' id='word_1_103' title='bbox 313 677 403 708; x_wconf 83' lang='lat' dir='ltr'><strong>etiam</strong></span> <span class='ocrx_word' id='word_1_104' title='bbox 419 677 540 716; x_wconf 79' lang='lat' dir='ltr'><strong>dixerit,</strong></span> <span class='ocrx_word' id='word_1_105' title='bbox 557 685 620 709; x_wconf 75' lang='lat' dir='ltr'><strong>toto</strong></span> <span class='ocrx_word' id='word_1_106' title='bbox 635 689 757 719; x_wconf 85' lang='lat' dir='ltr'><strong>corpore</strong></span> <span class='ocrx_word' id='word_1_107' title='bbox 773 678 904 719; x_wconf 84' lang='lat' dir='ltr'><strong>opprimi</strong></span> <span class='ocrx_word' id='word_1_108' title='bbox 919 689 990 719; x_wconf 84' lang='lat' dir='ltr'><strong>pos-</strong></span> 
     </span>
     <span class='ocr_line' id='line_1_15' title="bbox 96 719 989 759; baseline 0.003 -11"><span class='ocrx_word' id='word_1_109' title='bbox 96 719 135 749; x_wconf 84' lang='lat' dir='ltr'><strong>sit</strong></span> <span class='ocrx_word' id='word_1_110' title='bbox 149 719 303 751; x_wconf 87' lang='lat' dir='ltr'><strong>doloribus</strong></span> <span class='ocrx_word' id='word_1_111' title='bbox 319 720 470 751; x_wconf 85' lang='lat' dir='ltr'><strong>acerrimis</strong></span> <span class='ocrx_word' id='word_1_112' title='bbox 486 728 564 759; x_wconf 89' lang='lat' dir='ltr'><strong>tum,</strong></span> <span class='ocrx_word' id='word_1_113' title='bbox 581 732 650 752; x_wconf 91' lang='lat' dir='ltr'><strong>cum</strong></span> <span class='ocrx_word' id='word_1_114' title='bbox 667 722 802 751; x_wconf 84' lang='lat' dir='ltr'><strong>maxime</strong></span> <span class='ocrx_word' id='word_1_115' title='bbox 814 727 917 751; x_wconf 84' lang='lat' dir='ltr'><strong>contra</strong></span> <span class='ocrx_word' id='word_1_116' title='bbox 928 721 989 751; x_wconf 85' lang='lat' dir='ltr'><strong>for-</strong></span> 
     </span>
     <span class='ocr_line' id='line_1_16' title="bbox 96 763 989 805; baseline 0.002 -13"><span class='ocrx_word' id='word_1_117' title='bbox 96 768 204 792; x_wconf 85' lang='lat' dir='ltr'>tunam</span> <span class='ocrx_word' id='word_1_118' title='bbox 219 764 364 803; x_wconf 81' lang='lat' dir='ltr'><strong>glorietur</strong></span> <span class='ocrx_word' id='word_1_119' title='bbox 373 763 387 791; x_wconf 71' lang='lat'>?</span> <span class='ocrx_word' id='word_1_120' title='bbox 410 764 492 805; x_wconf 89' lang='lat' dir='ltr'><strong>quod</strong></span> <span class='ocrx_word' id='word_1_121' title='bbox 507 765 588 795; x_wconf 86' lang='lat' dir='ltr'><strong>idem</strong></span> <span class='ocrx_word' id='word_1_122' title='bbox 600 765 775 795; x_wconf 88' lang='lat' dir='ltr'><strong>melioribus</strong></span> <span class='ocrx_word' id='word_1_123' title='bbox 787 764 877 794; x_wconf 86' lang='lat' dir='ltr'><strong>etiam</strong></span> <span class='ocrx_word' id='word_1_124' title='bbox 891 764 989 795; x_wconf 87' lang='lat' dir='ltr'><strong>verbis</strong></span> 
     </span>
     <span class='ocr_line' id='line_1_17' title="bbox 97 805 986 848; baseline 0.002 -13"><span class='ocrx_word' id='word_1_125' title='bbox 97 805 304 845; x_wconf 80' lang='lat' dir='ltr'><strong>Metrodorus,</strong></span> <span class='ocrx_word' id='word_1_126' title='bbox 334 808 356 824; x_wconf 74' lang='lat'><strong>‘⁴</strong></span> <span class='ocrx_word' id='word_1_127' title='bbox 373 806 566 848; x_wconf 84' lang='lat' dir='ltr'><strong>Occupavi,&#39;&#39;</strong></span> <span class='ocrx_word' id='word_1_128' title='bbox 593 807 704 848; x_wconf 88' lang='lat' dir='ltr'><strong>inquit,</strong></span> <span class='ocrx_word' id='word_1_129' title='bbox 733 809 755 825; x_wconf 85' lang='lat'><strong>“</strong></span> <span class='ocrx_word' id='word_1_130' title='bbox 772 813 812 844; x_wconf 88' lang='lat' dir='ltr'><strong>te,</strong></span> <span class='ocrx_word' id='word_1_131' title='bbox 838 808 986 845; x_wconf 77' lang='lat' dir='ltr'><strong>Fortuna,</strong></span> 
     </span>
     <span class='ocr_line' id='line_1_18' title="bbox 94 850 988 890; baseline 0.001 -11"><span class='ocrx_word' id='word_1_132' title='bbox 94 854 189 890; x_wconf 82' lang='lat' dir='ltr'><strong>atque</strong></span> <span class='ocrx_word' id='word_1_133' title='bbox 204 850 289 890; x_wconf 86' lang='lat' dir='ltr'><strong>cepi:</strong></span> <span class='ocrx_word' id='word_1_134' title='bbox 315 860 480 890; x_wconf 87' lang='lat' dir='ltr'><strong>omnesque</strong></span> <span class='ocrx_word' id='word_1_135' title='bbox 500 850 599 881; x_wconf 83' lang='lat' dir='ltr'><strong>aditus</strong></span> <span class='ocrx_word' id='word_1_136' title='bbox 621 856 688 881; x_wconf 87' lang='lat' dir='ltr'><strong>tuos</strong></span> <span class='ocrx_word' id='word_1_137' title='bbox 707 850 873 888; x_wconf 72' lang='lat' dir='ltr'><strong>interclusi,</strong></span> <span class='ocrx_word' id='word_1_138' title='bbox 894 856 930 880; x_wconf 84' lang='lat' dir='ltr'><strong>ut</strong></span> <span class='ocrx_word' id='word_1_139' title='bbox 949 850 988 880; x_wconf 81' lang='lat' dir='ltr'><strong>ad</strong></span> 
     </span>
     <span class='ocr_line' id='line_1_19' title="bbox 95 892 987 934; baseline 0.003 -13"><span class='ocrx_word' id='word_1_140' title='bbox 95 901 146 922; x_wconf 88' lang='lat' dir='ltr'><strong>me</strong></span> <span class='ocrx_word' id='word_1_141' title='bbox 156 892 309 933; x_wconf 84' lang='lat' dir='ltr'><strong>adspirare</strong></span> <span class='ocrx_word' id='word_1_142' title='bbox 321 903 381 923; x_wconf 88' lang='lat' dir='ltr'><strong>non</strong></span> <span class='ocrx_word' id='word_1_143' title='bbox 394 893 528 934; x_wconf 83' lang='lat' dir='ltr'><strong>posses.&#39;&#39;</strong></span> <span class='ocrx_word' id='word_1_144' title='bbox 552 894 710 931; x_wconf 63' lang='lat' dir='ltr'><strong>Praeclare,</strong></span> <span class='ocrx_word' id='word_1_145' title='bbox 724 894 748 923; x_wconf 83' lang='lat' dir='ltr'><strong>si</strong></span> <span class='ocrx_word' id='word_1_146' title='bbox 760 893 865 924; x_wconf 83' lang='lat' dir='ltr'><strong>Aristo</strong></span> <span class='ocrx_word' id='word_1_147' title='bbox 878 893 987 932; x_wconf 89' lang='lat' dir='ltr'><strong>Chius,</strong></span> 
     </span>
     <span class='ocr_line' id='line_1_20' title="bbox 94 935 985 978; baseline 0.001 -13"><span class='ocrx_word' id='word_1_148' title='bbox 94 941 148 965; x_wconf 80' lang='lat' dir='ltr'><strong>aut</strong></span> <span class='ocrx_word' id='word_1_149' title='bbox 172 935 196 965; x_wconf 92' lang='lat' dir='ltr'><strong>si</strong></span> <span class='ocrx_word' id='word_1_150' title='bbox 217 936 336 966; x_wconf 74' lang='lat' dir='ltr'><strong>Sto&#39;i&#39;cus</strong></span> <span class='ocrx_word' id='word_1_151' title='bbox 361 936 446 966; x_wconf 90' lang='lat' dir='ltr'><strong>Zeno</strong></span> <span class='ocrx_word' id='word_1_152' title='bbox 469 936 591 975; x_wconf 83' lang='lat' dir='ltr'><strong>diceret,</strong></span> <span class='ocrx_word' id='word_1_153' title='bbox 617 937 681 977; x_wconf 88' lang='lat' dir='ltr'><strong>qui,</strong></span> <span class='ocrx_word' id='word_1_154' title='bbox 707 936 765 966; x_wconf 90' lang='lat' dir='ltr'><strong>nisi</strong></span> <span class='ocrx_word' id='word_1_155' title='bbox 788 936 871 978; x_wconf 88' lang='lat' dir='ltr'><strong>quod</strong></span> <span class='ocrx_word' id='word_1_156' title='bbox 894 942 985 977; x_wconf 86' lang='lat' dir='ltr'><strong>turpe</strong></span> 
     </span>
     <span class='ocr_line' id='line_1_21' title="bbox 91 979 986 1018; baseline 0.002 -10"><span class='ocrx_word' id='word_1_157' title='bbox 91 985 181 1017; x_wconf 79' lang='lat' dir='ltr'><strong>esset,</strong></span> <span class='ocrx_word' id='word_1_158' title='bbox 208 979 286 1009; x_wconf 86' lang='lat' dir='ltr'><strong>nihil</strong></span> <span class='ocrx_word' id='word_1_159' title='bbox 312 979 430 1009; x_wconf 81' lang='lat' dir='ltr'><strong>malum</strong></span> <span class='ocrx_word' id='word_1_160' title='bbox 453 979 583 1010; x_wconf 83' lang='lat' dir='ltr'><strong>duceret.</strong></span> <span class='ocrx_word' id='word_1_161' title='bbox 616 979 668 1010; x_wconf 83' lang='lat' dir='ltr'><strong>Tu</strong></span> <span class='ocrx_word' id='word_1_162' title='bbox 692 990 773 1017; x_wconf 86' lang='lat' dir='ltr'><strong>vero,</strong></span> <span class='ocrx_word' id='word_1_163' title='bbox 798 979 986 1018; x_wconf 79' lang='lat' dir='ltr'><strong>Meti-odore,</strong></span> 
     </span>
     <span class='ocr_line' id='line_1_22' title="bbox 94 1021 988 1063; baseline 0.001 -12"><span class='ocrx_word' id='word_1_164' title='bbox 94 1021 148 1062; x_wconf 85' lang='lat' dir='ltr'><strong>qui</strong></span> <span class='ocrx_word' id='word_1_165' title='bbox 171 1032 260 1052; x_wconf 87' lang='lat' dir='ltr'><strong>omne</strong></span> <span class='ocrx_word' id='word_1_166' title='bbox 286 1023 402 1052; x_wconf 90' lang='lat' dir='ltr'><strong>bonum</strong></span> <span class='ocrx_word' id='word_1_167' title='bbox 424 1022 457 1052; x_wconf 88' lang='lat' dir='ltr'><strong>in</strong></span> <span class='ocrx_word' id='word_1_168' title='bbox 478 1022 640 1053; x_wconf 81' lang='lat' dir='ltr'><strong>visceribus</strong></span> <span class='ocrx_word' id='word_1_169' title='bbox 660 1022 863 1063; x_wconf 80' lang='lat' dir='ltr'><strong>medullisque</strong></span> <span class='ocrx_word' id='word_1_170' title='bbox 883 1023 988 1053; x_wconf 88' lang='lat' dir='ltr'><strong>condi-</strong></span> 
     </span>
     <span class='ocr_line' id='line_1_23' title="bbox 93 1064 987 1107; baseline 0.002 -13"><span class='ocrx_word' id='word_1_171' title='bbox 93 1064 182 1103; x_wconf 83' lang='lat' dir='ltr'><strong>deris,</strong></span> <span class='ocrx_word' id='word_1_172' title='bbox 199 1071 228 1095; x_wconf 90' lang='lat' dir='ltr'><strong>et</strong></span> <span class='ocrx_word' id='word_1_173' title='bbox 248 1065 409 1103; x_wconf 85' lang='lat' dir='ltr'><strong>definieris,</strong></span> <span class='ocrx_word' id='word_1_174' title='bbox 432 1076 590 1096; x_wconf 88' lang='lat' dir='ltr'><strong>summum</strong></span> <span class='ocrx_word' id='word_1_175' title='bbox 610 1067 727 1096; x_wconf 85' lang='lat' dir='ltr'><strong>bonum</strong></span> <span class='ocrx_word' id='word_1_176' title='bbox 748 1065 834 1096; x_wconf 68' lang='lat' dir='ltr'><strong>firmfi</strong></span> <span class='ocrx_word' id='word_1_177' title='bbox 855 1066 987 1107; x_wconf 86' lang='lat' dir='ltr'><strong>corporis</strong></span> 
     </span>
     <span class='ocr_line' id='line_1_24' title="bbox 93 1108 986 1150; baseline 0.001 -12"><span class='ocrx_word' id='word_1_178' title='bbox 93 1108 260 1146; x_wconf 81' lang='lat' dir='ltr'><strong>affectione,</strong></span> <span class='ocrx_word' id='word_1_179' title='bbox 274 1109 490 1150; x_wconf 52' lang='lat' dir='ltr'><strong>explorataque</strong></span> <span class='ocrx_word' id='word_1_180' title='bbox 505 1119 558 1149; x_wconf 89' lang='lat' dir='ltr'><strong>spe</strong></span> <span class='ocrx_word' id='word_1_181' title='bbox 573 1109 730 1146; x_wconf 78' lang='lat' dir='ltr'><strong>contineri,</strong></span> <span class='ocrx_word' id='word_1_182' title='bbox 746 1108 876 1139; x_wconf 85' lang='lat' dir='ltr'><strong>fortunae</strong></span> <span class='ocrx_word' id='word_1_183' title='bbox 886 1109 986 1139; x_wconf 86' lang='lat' dir='ltr'><strong>aditus</strong></span> 
     </span>
     <span class='ocr_line' id='line_1_25' title="bbox 94 1151 987 1194; baseline 0.002 -13"><span class='ocrx_word' id='word_1_184' title='bbox 94 1151 309 1182; x_wconf 81' lang='lat' dir='ltr'><strong>interclusisti?</strong></span> <span class='ocrx_word' id='word_1_185' title='bbox 331 1162 392 1193; x_wconf 90' lang='lat' dir='ltr'><strong>quo</strong></span> <span class='ocrx_word' id='word_1_186' title='bbox 403 1151 519 1182; x_wconf 84' lang='lat' dir='ltr'><strong>modo?</strong></span> <span class='ocrx_word' id='word_1_187' title='bbox 539 1152 597 1183; x_wconf 85' lang='lat' dir='ltr'><strong>isto</strong></span> <span class='ocrx_word' id='word_1_188' title='bbox 612 1152 694 1183; x_wconf 83' lang='lat' dir='ltr'><strong>enim</strong></span> <span class='ocrx_word' id='word_1_189' title='bbox 705 1153 785 1183; x_wconf 88' lang='lat' dir='ltr'><strong>bono</strong></span> <span class='ocrx_word' id='word_1_190' title='bbox 797 1152 863 1191; x_wconf 87' lang='lat' dir='ltr'><strong>jam</strong></span> <span class='ocrx_word' id='word_1_191' title='bbox 879 1162 987 1194; x_wconf 85' lang='lat' dir='ltr'><strong>exspo-</strong></span> 
     </span>
     <span class='ocr_line' id='line_1_26' title="bbox 94 1194 271 1236; baseline 0 -12"><span class='ocrx_word' id='word_1_192' title='bbox 94 1194 162 1224; x_wconf 86' lang='lat' dir='ltr'><strong>liari</strong></span> <span class='ocrx_word' id='word_1_193' title='bbox 178 1200 271 1236; x_wconf 81' lang='lat' dir='ltr'><strong>potes.</strong></span> 
     </span>
    </p>

    <p class='ocr_par' dir='ltr' id='par_1_3' title="bbox 90 1237 985 1753">
     <span class='ocr_line' id='line_1_27' title="bbox 136 1237 985 1280; baseline 0.001 -12"><span class='ocrx_word' id='word_1_194' title='bbox 136 1237 178 1268; x_wconf 90' lang='lat' dir='ltr'><strong>X.</strong></span> <span class='ocrx_word' id='word_1_195' title='bbox 202 1238 303 1279; x_wconf 87' lang='lat' dir='ltr'><strong>Atqui</strong></span> <span class='ocrx_word' id='word_1_196' title='bbox 318 1238 364 1269; x_wconf 85' lang='lat' dir='ltr'><strong>his</strong></span> <span class='ocrx_word' id='word_1_197' title='bbox 380 1238 542 1279; x_wconf 84' lang='lat' dir='ltr'><strong>capiuntur</strong></span> <span class='ocrx_word' id='word_1_198' title='bbox 556 1238 710 1280; x_wconf 89' lang='lat' dir='ltr'><strong>imperiti:</strong></span> <span class='ocrx_word' id='word_1_199' title='bbox 734 1244 774 1276; x_wconf 83' lang='lat' dir='ltr'><strong>et,</strong></span> <span class='ocrx_word' id='word_1_200' title='bbox 791 1245 913 1279; x_wconf 85' lang='lat' dir='ltr'><strong>propter</strong></span> <span class='ocrx_word' id='word_1_201' title='bbox 927 1239 985 1269; x_wconf 87' lang='lat' dir='ltr'><strong>hu-</strong></span> 
     </span>
     <span class='ocr_line' id='line_1_28' title="bbox 90 1281 983 1320; baseline 0.001 -9"><span class='ocrx_word' id='word_1_202' title='bbox 90 1281 225 1320; x_wconf 89' lang='lat' dir='ltr'><strong>jusmodi</strong></span> <span class='ocrx_word' id='word_1_203' title='bbox 241 1282 413 1320; x_wconf 83' lang='lat' dir='ltr'><strong>sententias,</strong></span> <span class='ocrx_word' id='word_1_204' title='bbox 430 1282 557 1312; x_wconf 86' lang='lat' dir='ltr'><strong>istorum</strong></span> <span class='ocrx_word' id='word_1_205' title='bbox 572 1282 733 1312; x_wconf 82' lang='lat' dir='ltr'><strong>hominum</strong></span> <span class='ocrx_word' id='word_1_206' title='bbox 750 1289 793 1312; x_wconf 81' lang='lat' dir='ltr'><strong>est</strong></span> <span class='ocrx_word' id='word_1_207' title='bbox 808 1282 983 1312; x_wconf 88' lang='lat' dir='ltr'><strong>multitudo.</strong></span> 
     </span>
     <span class='ocr_line' id='line_1_29' title="bbox 92 1324 985 1366; baseline 0.002 -12"><span class='ocrx_word' id='word_1_208' title='bbox 92 1324 195 1354; x_wconf 87' lang='lat' dir='ltr'><strong>Acute</strong></span> <span class='ocrx_word' id='word_1_209' title='bbox 210 1330 313 1354; x_wconf 85' lang='lat' dir='ltr'><strong>autem</strong></span> <span class='ocrx_word' id='word_1_210' title='bbox 328 1325 509 1365; x_wconf 87' lang='lat' dir='ltr'><strong>disputantis</strong></span> <span class='ocrx_word' id='word_1_211' title='bbox 524 1325 601 1355; x_wconf 80' lang='lat' dir='ltr'><strong>illud</strong></span> <span class='ocrx_word' id='word_1_212' title='bbox 617 1332 672 1362; x_wconf 87' lang='lat' dir='ltr'><strong>est,</strong></span> <span class='ocrx_word' id='word_1_213' title='bbox 685 1335 757 1362; x_wconf 90' lang='lat' dir='ltr'><strong>non,</strong></span> <span class='ocrx_word' id='word_1_214' title='bbox 769 1324 843 1365; x_wconf 89' lang='lat' dir='ltr'><strong>quid</strong></span> <span class='ocrx_word' id='word_1_215' title='bbox 855 1325 985 1366; x_wconf 89' lang='lat' dir='ltr'><strong>quisque</strong></span> 
     </span>
     <span class='ocr_line' id='line_1_30' title="bbox 93 1367 982 1408; baseline 0.001 -11"><span class='ocrx_word' id='word_1_216' title='bbox 93 1367 183 1404; x_wconf 88' lang='lat' dir='ltr'><strong>dicat,</strong></span> <span class='ocrx_word' id='word_1_217' title='bbox 201 1367 252 1397; x_wconf 85' lang='lat' dir='ltr'><strong>sed</strong></span> <span class='ocrx_word' id='word_1_218' title='bbox 269 1367 344 1408; x_wconf 86' lang='lat' dir='ltr'><strong>quid</strong></span> <span class='ocrx_word' id='word_1_219' title='bbox 359 1368 468 1408; x_wconf 91' lang='lat' dir='ltr'><strong>cuique</strong></span> <span class='ocrx_word' id='word_1_220' title='bbox 488 1368 650 1398; x_wconf 84' lang='lat' dir='ltr'><strong>dicendum</strong></span> <span class='ocrx_word' id='word_1_221' title='bbox 671 1368 720 1407; x_wconf 88' lang='lat' dir='ltr'><strong>sit,</strong></span> <span class='ocrx_word' id='word_1_222' title='bbox 740 1368 849 1399; x_wconf 82' lang='lat' dir='ltr'><strong>videre.</strong></span> <span class='ocrx_word' id='word_1_223' title='bbox 876 1368 982 1406; x_wconf 90' lang='lat' dir='ltr'><strong>Velut,</strong></span> 
     </span>
     <span class='ocr_line' id='line_1_31' title="bbox 91 1410 984 1452; baseline 0.002 -12"><span class='ocrx_word' id='word_1_224' title='bbox 91 1410 124 1440; x_wconf 92' lang='lat' dir='ltr'><strong>in</strong></span> <span class='ocrx_word' id='word_1_225' title='bbox 139 1411 174 1440; x_wconf 56' lang='lat' dir='ltr'><strong>ez}</strong></span> <span class='ocrx_word' id='word_1_226' title='bbox 189 1410 255 1451; x_wconf 53' lang='lat' dir='ltr'><strong>ipsa</strong></span> <span class='ocrx_word' id='word_1_227' title='bbox 266 1411 424 1447; x_wconf 51' lang='lat' dir='ltr'><strong>sententia,</strong></span> <span class='ocrx_word' id='word_1_228' title='bbox 442 1422 535 1452; x_wconf 82' lang='lat' dir='ltr'><strong>quam</strong></span> <span class='ocrx_word' id='word_1_229' title='bbox 551 1412 583 1441; x_wconf 89' lang='lat' dir='ltr'><strong>in</strong></span> <span class='ocrx_word' id='word_1_230' title='bbox 598 1412 655 1442; x_wconf 83' lang='lat' dir='ltr'><strong>hae</strong></span> <span class='ocrx_word' id='word_1_231' title='bbox 667 1411 869 1452; x_wconf 84' lang='lat' dir='ltr'><strong>disputatione</strong></span> <span class='ocrx_word' id='word_1_232' title='bbox 885 1422 984 1442; x_wconf 88' lang='lat' dir='ltr'><strong>susce-</strong></span> 
     </span>
     <span class='ocr_line' id='line_1_32' title="bbox 92 1453 983 1495; baseline 0.002 -12"><span class='ocrx_word' id='word_1_233' title='bbox 92 1453 205 1494; x_wconf 86' lang='lat' dir='ltr'><strong>pimus,</strong></span> <span class='ocrx_word' id='word_1_234' title='bbox 231 1464 335 1484; x_wconf 89' lang='lat' dir='ltr'><strong>omnes</strong></span> <span class='ocrx_word' id='word_1_235' title='bbox 360 1455 453 1484; x_wconf 85' lang='lat' dir='ltr'><strong>bonos</strong></span> <span class='ocrx_word' id='word_1_236' title='bbox 476 1465 594 1495; x_wconf 84' lang='lat' dir='ltr'><strong>semper</strong></span> <span class='ocrx_word' id='word_1_237' title='bbox 618 1456 720 1485; x_wconf 77' lang='lat' dir='ltr'><strong>beatos</strong></span> <span class='ocrx_word' id='word_1_238' title='bbox 741 1455 884 1485; x_wconf 85' lang='lat' dir='ltr'><strong>volumus</strong></span> <span class='ocrx_word' id='word_1_239' title='bbox 909 1465 983 1494; x_wconf 83' lang='lat' dir='ltr'><strong>esse,</strong></span> 
     </span>
     <span class='ocr_line' id='line_1_33' title="bbox 93 1496 984 1538; baseline 0.001 -12"><span class='ocrx_word' id='word_1_240' title='bbox 93 1496 167 1537; x_wconf 87' lang='lat' dir='ltr'><strong>quid</strong></span> <span class='ocrx_word' id='word_1_241' title='bbox 187 1497 285 1527; x_wconf 83' lang='lat' dir='ltr'><strong>dicam</strong></span> <span class='ocrx_word' id='word_1_242' title='bbox 306 1498 411 1533; x_wconf 84' lang='lat' dir='ltr'><strong>bonos,</strong></span> <span class='ocrx_word' id='word_1_243' title='bbox 428 1498 622 1538; x_wconf 85' lang='lat' dir='ltr'><strong>perspicuum</strong></span> <span class='ocrx_word' id='word_1_244' title='bbox 638 1503 690 1528; x_wconf 82' lang='lat' dir='ltr'><strong>est.</strong></span> <span class='ocrx_word' id='word_1_245' title='bbox 724 1497 880 1528; x_wconf 84' lang='lat' dir='ltr'><strong>Omnibus</strong></span> <span class='ocrx_word' id='word_1_246' title='bbox 902 1498 984 1528; x_wconf 85' lang='lat' dir='ltr'><strong>enim</strong></span> 
     </span>
     <span class='ocr_line' id='line_1_34' title="bbox 92 1539 984 1581; baseline 0.001 -12"><span class='ocrx_word' id='word_1_247' title='bbox 92 1539 254 1570; x_wconf 81' lang='lat' dir='ltr'><strong>virtutibus</strong></span> <span class='ocrx_word' id='word_1_248' title='bbox 269 1540 428 1570; x_wconf 82' lang='lat' dir='ltr'><strong>instructos</strong></span> <span class='ocrx_word' id='word_1_249' title='bbox 447 1547 476 1571; x_wconf 86' lang='lat' dir='ltr'><strong>et</strong></span> <span class='ocrx_word' id='word_1_250' title='bbox 495 1546 626 1579; x_wconf 85' lang='lat' dir='ltr'><strong>ornatos,</strong></span> <span class='ocrx_word' id='word_1_251' title='bbox 643 1551 714 1571; x_wconf 89' lang='lat' dir='ltr'><strong>cum</strong></span> <span class='ocrx_word' id='word_1_252' title='bbox 735 1541 893 1581; x_wconf 78' lang='lat' dir='ltr'><strong>sapientes,</strong></span> <span class='ocrx_word' id='word_1_253' title='bbox 916 1546 984 1571; x_wconf 89' lang='lat' dir='ltr'><strong>tum</strong></span> 
     </span>
     <span class='ocr_line' id='line_1_35' title="bbox 92 1583 985 1625; baseline 0.002 -13"><span class='ocrx_word' id='word_1_254' title='bbox 92 1583 170 1612; x_wconf 87' lang='lat' dir='ltr'><strong>viros</strong></span> <span class='ocrx_word' id='word_1_255' title='bbox 194 1584 298 1620; x_wconf 89' lang='lat' dir='ltr'><strong>bonos,</strong></span> <span class='ocrx_word' id='word_1_256' title='bbox 323 1583 460 1613; x_wconf 85' lang='lat' dir='ltr'><strong>dicimus.</strong></span> <span class='ocrx_word' id='word_1_257' title='bbox 496 1584 675 1622; x_wconf 85' lang='lat' dir='ltr'><strong>Videamus,</strong></span> <span class='ocrx_word' id='word_1_258' title='bbox 704 1584 758 1625; x_wconf 87' lang='lat' dir='ltr'><strong>qui</strong></span> <span class='ocrx_word' id='word_1_259' title='bbox 782 1583 901 1613; x_wconf 86' lang='lat' dir='ltr'><strong>dicendi</strong></span> <span class='ocrx_word' id='word_1_260' title='bbox 923 1583 985 1615; x_wconf 83' lang='lat' dir='ltr'><strong>sint</strong></span> 
     </span>
     <span class='ocr_line' id='line_1_36' title="bbox 92 1625 982 1668; baseline 0 -12"><span class='ocrx_word' id='word_1_261' title='bbox 92 1625 181 1656; x_wconf 81' lang='lat' dir='ltr'><strong>beati.</strong></span> <span class='ocrx_word' id='word_1_262' title='bbox 216 1625 371 1666; x_wconf 79' lang='lat' dir='ltr'><strong>Equidem</strong></span> <span class='ocrx_word' id='word_1_263' title='bbox 397 1626 451 1656; x_wconf 80' lang='lat' dir='ltr'><strong>hos</strong></span> <span class='ocrx_word' id='word_1_264' title='bbox 481 1627 631 1664; x_wconf 80' lang='lat' dir='ltr'><strong>existimo,</strong></span> <span class='ocrx_word' id='word_1_265' title='bbox 659 1627 713 1668; x_wconf 84' lang='lat' dir='ltr'><strong>qui</strong></span> <span class='ocrx_word' id='word_1_266' title='bbox 740 1627 800 1657; x_wconf 85' lang='lat' dir='ltr'><strong>sint</strong></span> <span class='ocrx_word' id='word_1_267' title='bbox 825 1626 857 1656; x_wconf 91' lang='lat' dir='ltr'><strong>in</strong></span> <span class='ocrx_word' id='word_1_268' title='bbox 884 1627 982 1665; x_wconf 85' lang='lat' dir='ltr'><strong>bonis,</strong></span> 
     </span>
     <span class='ocr_line' id='line_1_37' title="bbox 92 1668 982 1711; baseline 0.002 -13"><span class='ocrx_word' id='word_1_269' title='bbox 92 1669 179 1699; x_wconf 86' lang='lat' dir='ltr'><strong>nullo</strong></span> <span class='ocrx_word' id='word_1_270' title='bbox 199 1668 341 1708; x_wconf 73' lang='lat' dir='ltr'><strong>adjuncto</strong></span> <span class='ocrx_word' id='word_1_271' title='bbox 361 1669 452 1699; x_wconf 85' lang='lat' dir='ltr'><strong>malo.</strong></span> <span class='ocrx_word' id='word_1_272' title='bbox 485 1670 596 1711; x_wconf 86' lang='lat' dir='ltr'><strong>Neque</strong></span> <span class='ocrx_word' id='word_1_273' title='bbox 619 1670 683 1700; x_wconf 85' lang='lat' dir='ltr'><strong>ulla</strong></span> <span class='ocrx_word' id='word_1_274' title='bbox 703 1670 762 1700; x_wconf 68' lang='lat' dir='ltr'><strong>alia</strong></span> <span class='ocrx_word' id='word_1_275' title='bbox 784 1669 855 1700; x_wconf 90' lang='lat' dir='ltr'><strong>huic</strong></span> <span class='ocrx_word' id='word_1_276' title='bbox 879 1671 982 1709; x_wconf 87' lang='lat' dir='ltr'><strong>verbo,</strong></span> 
     </span>
     <span class='ocr_line' id='line_1_38' title="bbox 92 1711 983 1753; baseline 0.002 -11"><span class='ocrx_word' id='word_1_277' title='bbox 92 1721 162 1743; x_wconf 73' lang='lat' dir='ltr'><strong>cum</strong></span> <span class='ocrx_word' id='word_1_278' title='bbox 177 1712 302 1743; x_wconf 85' lang='lat' dir='ltr'><strong>beatum</strong></span> <span class='ocrx_word' id='word_1_279' title='bbox 317 1711 457 1751; x_wconf 85' lang='lat' dir='ltr'><strong>dicimus,</strong></span> <span class='ocrx_word' id='word_1_280' title='bbox 474 1713 608 1753; x_wconf 73' lang='lat' dir='ltr'><strong>subjecta</strong></span> <span class='ocrx_word' id='word_1_281' title='bbox 628 1713 710 1744; x_wconf 89' lang='lat' dir='ltr'><strong>notio</strong></span> <span class='ocrx_word' id='word_1_282' title='bbox 731 1719 785 1752; x_wconf 83' lang='lat' dir='ltr'><strong>est,</strong></span> <span class='ocrx_word' id='word_1_283' title='bbox 802 1712 872 1752; x_wconf 79' lang='lat' dir='ltr'><strong>nisi,</strong></span> <span class='ocrx_word' id='word_1_284' title='bbox 889 1723 983 1745; x_wconf 71' lang='lat' dir='ltr'><strong>secte.</strong></span> 
     </span>
    </p>
   </div>
   <div class='ocr_carea' id='block_1_3' title="bbox 1220 1394 1226 1922">
    <p class='ocr_par' dir='ltr' id='par_1_4' title="bbox 1220 1394 1226 1922">
     <span class='ocr_line' id='line_1_39' title="bbox 1220 1394 1226 1922; baseline 0 0"><span class='ocrx_word' id='word_1_285' title='bbox 1220 1394 1226 1922; x_wconf 95' lang='lat' dir='ltr'><strong> </strong></span> 
     </span>
    </p>
   </div>
  </div>
 </body>
</html>
