1226 1935
267 43 330 76 DE
355 43 617 75 NAT-DEOR.
644 43 942 81 11111.1.civ.37.

154 129 208 160 Tu
223 130 308 174 qwd
324 141 400 171 opus
415 111 537 160 tandem
553 139 701 170 magnum
717 136 746 160 et
761 129 916 172 egregium
940 132 1044 171 habes,

153 173 236 212 quod
253 173 393 204 effectum
414 173 518 203 divina
538 179 640 202 mente
661 173 807 211 videatur,
831 185 868 204 ex
887 186 959 223 quo,
983 186 1045 206 esse

152 214 236 246 Deos
251 216 427 257 suspicere?
452 216 648 251 Habebamus
640 216 752 256 mquis‚
766 217 796 246 in
809 218 910 247 animo
922 217 1044 248 insitam

150 257 399 290 informationem
426 259 593 300 quamdam
615 258 694 294 Dei;
720 265 749 289 et
774 260 892 290 barbati
918 261 1043 301 quidem

149 300 250 339 «Iovis,
283 303 421 347 galeatae
439 302 599 332 Minervae.
647 302 737 332 Num
762 302 856 342 initur
881 314 943 334 esse
969 304 1043 335 tales

150 349 261 384 putas.
254 346 268 367 ⁹

190 388 316 425 Quanto
328 387 437 418 melius
449 387 513 418 haec
529 388 639 428 vulgus
653 388 863 429 imperitorum
877 389 885 419 !
910 389 963 430 qui
978 400 1039 420 non

145 432 286 461 membra
312 432 410 461 solum
437 431 567 461 hominis
594 431 662 461 Deo
692 432 841 469 tribuunt,
868 432 919 462 sed
948 443 1039 463 usum

142 472 237 503 etiam
250 475 478 504 membrorum:
503 474 577 508 daut
592 474 672 504 enim
685 485 800 512 arcum,
818 475 951 515 sagittas,
968 476 1038 506 has-

144 521 221 552 tam,
247 517 401 557 clypeum,
426 516 587 553 fuscinam,
612 516 752 548 fulmen:
778 524 817 555 et,
845 519 880 555 si,
908 518 1038 549 actiones

141 569 213 599 quae
229 560 289 590 sint
305 559 454 597 Deorum,
476 570 537 590 non
554 560 666 597 vident,
689 561 764 590 nihil
780 568 918 609 agentem
934 568 1036 592 tamen

142 601 248 632 Deum
275 613 336 633 non
363 609 480 643 queunt
506 603 644 643 cogitare.
679 604 754 644 Ipsi,
781 604 834 645 qui
860 604 1034 643 irridentur,

142 645 297 686 AEgypdi,
314 646 431 676 nullam
444 646 589 682 belluam,
607 646 663 676 nisi
675 649 713 677 ob
725 647 859 688 aliquam
872 647 1035 678 utilitatem

140 698 237 729 quam
262 699 299 719 ex
326 689 362 719 ea
386 695 535 730 caperent
560 697 815 721 consecraverunt.
854 691 949 721 Velut
970 687 1033 721 ibes

142 731 313 762 maximam
330 732 392 762 vim
408 732 592 773 serpentium
608 733 781 771 conficiunt,
802 744 871 764 cum
891 734 950 764 sint
965 745 1034 765 aves

140 775 278 813 excelsae,
295 775 433 806 cruribus
454 776 570 816 rigidis,
594 786 700 806 corneo
715 787 898 817 proceroque
918 783 1032 808 rostro:

139 823 281 848 avertunt
303 824 418 859 pestem
439 820 477 849 ab
499 819 648 859 AEgypto.,
670 827 740 849 cum
757 821 891 850 volucres
906 830 1031 861 angues,

140 870 179 890 ex
204 861 342 891 vastitate
366 861 475 902 Libyae
501 868 589 892 vento
614 862 721 892 Africo
747 863 889 899 invectas,
917 863 1032 893 interfi-

136 903 235 942 ciunt,
265 910 356 945 atque
380 911 583 935 consumunt:
614 916 651 935 ex
675 916 737 946 quo
761 906 805 944 fit,
831 912 865 936 ut
891 906 952 937 iuae
978 917 1033 937 nec

138 956 241 977 morsu
257 947 334 978 vivae
348 954 485 983 noceant,
502 958 556 978 nec
572 948 662 978 odore
682 955 819 979 mortuae.
845 949 973 980 Possum
995 950 1032 980 de

136 989 377 1020 ichneumonum
399 991 539 1028 utilitate,
556 991 593 1021 de
608 991 837 1028 crocodilorum,
854 993 891 1022 de
911 993 1030 1030 felium,

137 1032 254 1063 dicere:
279 1033 330 1064 sed
345 1034 415 1064 nolo
432 1045 492 1064 esse
507 1034 626 1075 longus.
656 1035 706 1065 Ita
721 1036 899 1065 concludam
915 1042 1030 1075 tamen,

139 1076 255 1106 belluas
279 1087 297 1107 a
323 1077 457 1107 barbaris
481 1084 603 1118 propter
628 1078 808 1108 beneficium
824 1086 1029 1115 consecratas;

138 1125 305 1150 vestrorum
332 1120 470 1150 Deorum
496 1131 557 1150 non
582 1121 673 1151 modo
699 1122 879 1152 beneficium
907 1123 1030 1152 nullum

136 1169 265 1199 exstare,
282 1163 333 1193 sed
348 1173 386 1194 ne
400 1163 515 1194 factum
532 1164 656 1205 quidem
672 1165 805 1195 omnino.

180 1205 362 1236 XXXVII.
396 1209 417 1224 “
436 1207 525 1236 Ν11111
552 1207 653 1244 habet,
657 1208 676 1220 ”
700 1207 810 1248 inquit,
836 1210 858 1226 ‘⁶
881 1209 1028 1249 negotii.''

137 1248 277 1279 Profecto
294 1249 456 1298 Epicurus,
480 1250 567 1290 quasi
582 1251 668 1291 pueri
677 1251 813 1299 delicati,
836 1251 913 1281 nihil
935 1263 1030 1283 cessa-

135 1291 218 1322 tione
238 1292 347 1322 melius
368 1293 529 1323 existimat.
566 1294 636 1323 At·
628 1294 685 1334 1psi
701 1300 801 1325 tamen
818 1295 916 1336 pueri,
938 1295 1030 1326 etjam

136 1344 208 1364 cum
232 1341 358 1371 cessant
383 1336 594 1367 exercitatione
617 1337 721 1378 aliqua
740 1338 857 1368 ludicra
879 1338 1030 1369 delectan-

136 1383 206 1407 tur:
231 1378 336 1408 Deum
351 1379 392 1409 sic
410 1379 551 1409 feriatum
567 1380 708 1410 volumus
724 1381 885 1411 cessatione
901 1387 1029 1422 torpere,

137 1426 183 1458 ut,
207 1421 232 1451 si
253 1432 284 1451 se
304 1422 510 1460 commoverit⁷
535 1433 692 1453 vereamur
711 1434 749 1453 ne
769 1425 875 1455 beatus
891 1435 952 1454 esse
967 1435 1028 1455 non

136 1464 238 1504 possit.
272 1465 350 1495 Haec
365 1466 459 1495 oratio
474 1475 535 1496 non
550 1466 641 1496 modo
662 1466 744 1497 Deos
763 1468 871 1507 spoliat
890 1474 976 1497 motu
999 1474 1029 1498 et

136 1507 253 1537 actione
273 1500 387 1545 divina,
412 1508 463 1538 sed
485 1509 575 1538 etiam
591 1509 728 1539 homines
744 1510 853 1541 inertes
870 1510 979 1546 efficit3
1004 1511 1029 1541 si

135 1550 273 1590 quidem,
297 1561 387 1592 agens
399 1551 527 1592 aliquid,
551 1562 590 1582 ne
604 1552 690 1583 Deus
706 1553 830 1594 quidem
846 1564 908 1584 esse
923 1555 1030 1584 beatus

136 1599 244 1633 potest.
603 1611 608 1615 -

180 1636 299 1667 Verum
315 1637 354 1667 sit
373 1647 454 1675 sane,
471 1643 506 1668 ut
520 1638 624 1675 vultis,
638 1639 734 1675 Deus,
752 1639 865 1680 effigies
885 1619 1029 1675 lrominis,

134 1684 167 1709 et
181 1678 298 1727 imago.
331 1680 426 1718 Quod
445 1681 512 1720 ejus
532 1688 576 1712 est
595 1665 820 1713 (101111611111111Ρυ
835 1693 904 1723 quae
924 1682 1031 1713 sedes?

133 1722 191 1763 qui
205 1722 305 1755 locus.
297 1724 312 1745 ⁹
335 1734 404 1765 quae
419 1723 528 1755 deinde
539 1725 616 1756 actio
629 1725 717 1756 vitae.
710 1728 724 1746 ⁹
744 1725 856 1797 (finibus
867 1727 956 1756 rebus
972 1725 1030 1765 (id,

672 1770 691 1798 2⁶
710 1777 730 1798 F
