1226 1935
208 82 274 112 226
317 80 441 114 TUSC.
457 80 631 121 QUAEST.
655 82 735 113 LIB.
753 81 812 114 IV.
836 82 920 114 CAr.
939 83 988 114 ll.

207 167 340 199 sumitur
350 178 368 198 a
383 167 501 207 Stoicis,
517 168 651 199 maxime
662 179 681 199 a
695 168 876 210 Chrysippo,
892 168 968 199 dum
982 169 1095 200 morbis

208 221 368 251 corporum
390 217 580 253 comparatur
602 213 778 242 morborum
801 212 896 242 animi
919 211 1094 242 similitudo.

208 253 284 292 Qu&⁴
307 254 440 285 oratione
465 255 665 295 praetermissa
690 255 817 285 minime
845 255 1020 292 necessaria,
1047 265 1094 293 ea,

207 307 278 338 quae
296 307 360 327 rem
381 298 545 335 continent,
566 304 792 339 pertractemus.
825 298 1019 338 Intelligatur
1038 297 1096 338 igi-

208 345 269 377 tur,
293 341 560 381 perturbationem,
580 341 763 380 jactantibus
784 351 814 371 se
834 341 1026 382 opinionibus
1049 341 1095 370 in-

208 388 379 413 constanter
405 390 434 414 et
457 384 587 422 turbide,
615 384 647 413 in
671 390 757 414 motu
781 394 842 415 esse
865 394 999 424 semper:
1025 393 1095 413 cum

208 431 312 456 autem
334 426 383 456 hic
403 426 500 457 fervor
518 427 736 467 concitatioque
758 427 852 456 animi
875 426 1094 464 inveteraverit,

208 474 238 498 et
252 474 410 509 tamquam
426 470 457 499 in
472 470 556 501 venis
570 469 772 511 medullisque
787 469 939 506 insederit,
961 475 1027 499 tum
1043 479 1095 499 ex-

207 511 284 542 sistit
305 517 333 542 et
347 513 482 551 morbus,
499 519 528 542 et
543 513 707 553 aegrotatio,
724 519 753 542 et
767 512 942 542 offensiones
958 523 1011 551 eae,
1028 522 1096 553 quae

209 561 281 584 sunt
296 554 336 584 eis
351 555 465 585 morbis
481 555 784 596 aegrotationibusque
799 556 962 585 contrariae.

251 597 313 627 XI.
331 597 418 636 Haec,
435 609 505 638 quae
520 598 596 635 dico,
613 598 792 638 cogitatione
807 598 884 628 inter
896 608 926 628 se
941 597 1095 636 differunt,

208 650 240 671 re
255 640 379 681 quidem
395 641 534 681 copulata
549 647 639 677 sunt3
657 651 751 683 eaque
766 641 904 671 oriuntur
920 651 956 671 ex
972 640 1096 670 libidine

208 689 238 714 et
249 683 363 713 laetitia.
397 683 492 721 Nam,
510 694 579 714 cum
596 690 639 714 est
655 684 813 725 concupita
827 684 965 732 pecunia,
978 693 1032 713 nec
1044 682 1096 712 ad-

208 726 306 757 hibita
320 726 462 757 continuo
477 728 563 764 ratio,
581 728 666 768 quasi
682 727 822 767 quaedam
838 726 987 758 Socratica
1001 725 1097 755 medi-

208 769 288 807 cina,
301 779 370 809 quae
385 776 503 800 sanaret
518 780 584 800 eam
596 770 790 811 cupiditatem
802 781 811 806 ς
835 775 993 810 permanat
1004 769 1035 799 in
1047 779 1097 799 ve-

209 822 275 850 nas,
299 818 328 842 et
350 812 476 842 inhaeret
490 813 522 842 in
538 813 699 844 visceribus
714 813 791 843 illud
806 813 944 849 malum;
968 812 1096 842 exsistit-

209 864 270 897 que
285 857 420 893 morbus,
444 861 473 886 et
488 856 653 896 aegrotatio,
670 867 739 897 quae
754 856 843 886 avelli
857 856 1021 886 inveterata
1035 864 1097 884 non

209 899 323 940 possit:
348 898 436 939 eique
451 900 557 929 morbo
572 909 683 929 nomen
699 905 743 930 est
757 899 905 929 Avaritia.
940 898 1099 929 Similiter-

210 952 271 983 que
287 941 384 972 caeteri
400 942 518 978 morbi3
543 947 577 972 ut
588 943 691 983 gloriae
707 942 864 983 cupiditas,
881 948 917 972 ut
930 940 1098 971 mulierosi-

209 990 257 1014 tas
278 988 326 1019 (ut
346 984 389 1014 ita
400 985 550 1025 appellem
566 995 644 1023 eam,
667 996 736 1026 quae
752 985 857 1015 Graece
874 990 1036 1023 φιλογυνεια
1052 983 1097 1013 di-

209 1028 313 1065 citur),
326 1028 484 1068 caeterique
496 1028 633 1058 similiter
644 1028 743 1058 morbi
752 1028 1018 1068 aegrotationesque
1030 1037 1097 1056 nas-

208 1077 329 1101 cuntur.
368 1070 448 1108 Quae
473 1077 575 1101 autem
602 1077 672 1101 sunt
698 1071 745 1101 his
771 1071 929 1109 contraria,
957 1081 992 1100 ea
1017 1070 1098 1100 nasci

209 1119 357 1155 putantur
382 1124 400 1143 a
426 1119 509 1143 metu
522 1125 531 1150 ;
561 1120 595 1145 ut
620 1114 724 1144 odium
750 1114 925 1151 mulierum,
950 1113 1040 1154 quale
1065 1113 1097 1142 in

211 1160 360 1193 Mmoyump
377 1156 481 1186 Attilii
497 1163 560 1194 est3
585 1163 619 1188 ut
633 1157 664 1187 in
680 1157 840 1187 hominum
856 1157 1030 1187 universum
1045 1166 1098 1196 gen

209 1206 279 1237 nus,
302 1199 384 1240 quod
405 1200 574 1240 accepimus
597 1201 634 1231 de
650 1200 793 1238 Timone,
817 1200 870 1240 qui
892 1198 1100 1239 Μισαιιθρωπος

209 1242 400 1283 appellatur3
417 1248 452 1272 ut
469 1243 689 1284 inhospitalitas
704 1249 756 1273 est.
791 1242 872 1281 Quae
886 1252 990 1272 onmes
1005 1251 1098 1282 aegro-

209 1285 337 1315 tationes
349 1285 443 1315 animi
456 1296 493 1316 ex
505 1287 638 1327 quodam
653 1292 737 1316 metu
752 1293 918 1316 nascuntur
932 1295 1036 1315 earum
1052 1294 1097 1314 re-

209 1338 291 1366 rum,
309 1338 384 1369 quas
399 1328 522 1369 fugiunt
537 1335 567 1359 et
581 1329 718 1359 oderunt.

253 1371 417 1401 Definiunt
440 1378 542 1401 autem
565 1372 660 1402 animi
681 1372 917 1412 aegrotationem,
935 1369 1097 1411 Opinatio-

210 1423 281 1444 nem
305 1414 514 1445 vehementem
540 1414 578 1445 de
602 1426 634 1445 re
656 1425 717 1445 non
742 1414 921 1456 expetenda,
937 1420 1096 1454 tamquam

210 1457 299 1487 valde
323 1457 501 1497 expetenda,
532 1458 729 1488 inhaerentem
758 1464 787 1488 et
816 1458 935 1499 penitus
964 1457 1096 1486 insitam.

210 1499 305 1536 Quod
329 1506 431 1530 autem
456 1501 587 1530 nascitur
612 1512 649 1531 ex
670 1501 842 1537 offensione,
870 1500 912 1530 ita
938 1499 1097 1536 definiunt,

212 1542 400 1583 Opinionem
416 1543 623 1574 vehementem
644 1544 682 1574 de
703 1554 734 1573 re
752 1553 813 1573 non
831 1543 987 1583 fugienda,
1003 1542 1098 1571 inhae-

211 1591 339 1622 rentem,
352 1591 381 1615 et
396 1586 516 1627 penitus
527 1587 660 1625 insitam,
677 1592 834 1627 tamquam
848 1585 987 1626 fugienda*
984 1598 1003 1614 ι.
1021 1585 1098 1615 Haec

196 1664 197 1667 Ἴ
211 1634 314 1659 autem
330 1629 462 1669 opinatio
477 1635 520 1660 est
532 1630 667 1669 judicare
683 1640 713 1660 se
728 1630 812 1665 scire,
829 1629 911 1670 quod
926 1628 1046 1659 nesciat.

254 1672 458 1712 AEgrotationi
480 1679 581 1703 autem
603 1673 675 1703 talia
695 1673 836 1713 quaedam
861 1673 995 1711 subjecta
1013 1676 1095 1708 sunt,

211 1715 348 1752 avaritia,
364 1715 500 1751 ambitio,
517 1716 727 1753 mulierositas,
744 1715 918 1756 pervicacia,
934 1713 1096 1754 ligurritio,

212 1757 386 1795 vinolentia,
410 1758 547 1799 cupedia,
571 1764 600 1788 et
627 1759 651 1789 si
673 1768 734 1799 qua
756 1758 874 1789 similia.
912 1757 969 1788 Est
995 1762 1096 1787 autem
