1226 1935
225 93 289 124 298
340 92 402 123 DE
427 92 535 123 NAT.
558 92 695 124 DEOR.
721 93 799 124 [1113.
817 94 844 124 Ι.
869 93 952 124 CAP.
970 95 1000 123 5.

220 179 302 209 cium
319 179 479 209 adhibere:
500 179 532 209 id
547 180 661 209 habent
675 185 788 218 ratum,
805 180 887 220 quod
901 181 940 210 ab
956 189 1001 217 eo,
1015 189 1105 220 quem

223 223 363 262 probant,
377 222 549 261 judicatum
565 222 676 253 vident.
710 223 776 253 Nec
794 233 864 253 vero
884 224 1009 263 probare
1030 223 1110 252 soleo

222 265 254 294 id
270 265 352 305 quod
368 265 405 294 de
424 266 622 306 Pythagoreis
642 266 832 306 accepimusg
857 276 932 306 quos
952 265 1063 301 ferunt,
1086 265 1111 295 si

223 308 298 348 quid
313 308 497 338 affirmarent
512 308 543 338 in
559 308 751 349 disputando,
769 319 839 339 cum
856 319 893 339 ex
912 309 947 338 iis
963 318 1111 349 quaerere-

222 356 284 388 tur,
302 361 394 391 quare
405 351 447 381 ita
459 357 544 389 esset⁷
562 352 740 392 respondere
752 352 864 388 solitos,
883 354 905 368 “
918 352 987 391 Ipse
1000 351 1109 381 dixiff'

225 396 248 411 “
266 394 358 434 Ipse'’
384 400 487 425 autem
514 401 576 424 erat
604 395 801 435 Pythagoras.
840 395 979 425 Tantum
1010 393 1112 434 opinio

222 437 419 477 pra-judicata
442 443 568 479 poterat,
596 444 631 468 ut
657 438 748 468 etiam
774 438 838 468 sine
861 437 976 468 ratione
1000 438 1112 467 valeret

223 480 393 510 auctoritas.

267 523 331 561 Qui
347 529 449 553 autem
465 523 625 562 mirantur,
645 534 698 554 nos
716 524 795 554 hanc
813 523 1005 564 potissimum
1026 522 1114 553 disci-

224 566 340 607 plinam
358 572 483 603 secutos,
504 567 562 605 his,
580 573 709 607 quatuor
724 566 916 597 Academicis
931 567 1026 603 libris,
1044 566 1114 596 satis

223 619 403 650 responsum
415 609 542 640 videtur.
568 610 598 640 N
602 620 634 640 ec
646 620 715 640 vero
727 610 913 640 desertarum
926 610 1114 639 relictarum-

225 663 285 692 que
300 663 402 682 rerum
418 653 619 693 patrocinium
636 653 832 693 suscepimus.
860 653 934 682 Non
949 653 1042 689 enim,
1059 652 1114 681 ho-

225 695 346 725 minum
362 696 497 735 interitu,
515 697 669 726 sententiae
684 706 806 737 quoque
821 696 979 726 occidunt:
1001 695 1052 725 sed
1066 695 1115 724 lu-

225 748 292 769 cem
308 739 436 769 auctoris
451 739 575 770 fortasse
590 739 759 770 desiderant
773 751 780 769 :
806 745 841 769 ut
855 739 918 768 haec
934 739 965 768 in
981 738 1114 779 philoso-

226 781 301 822 phia
316 782 392 812 ratio
407 788 510 812 contra
529 783 633 813 omnia
653 782 828 820 disserendi,
850 782 1030 822 nullamque
1049 791 1113 810 rem

225 830 329 865 aperte
341 825 510 864 judicandi,
527 826 660 866 profecta
675 836 693 855 a
709 828 841 860 Socrate,
857 825 984 866 repetita
998 825 1036 854 ab
1051 824 1115 853 Ar-

225 868 327 905 cesila,
345 868 522 899 confirmata
537 880 555 899 a
570 869 736 906 Carneade,
752 879 849 909 usque
864 868 903 898 ad
921 873 1054 898 nostram
1071 867 1116 896 vi-

225 911 293 951 guit
308 917 448 947 aetatem;
474 923 567 953 quam
585 922 666 942 nunc
684 911 905 952 propemodum
926 912 1033 941 orbam
1054 920 1117 940 esse

225 954 259 983 in
274 954 341 995 ipsa
357 955 476 986 Graecia
491 955 646 996 intelligo:
669 955 751 996 quod
766 965 826 984 non
841 954 1019 984 Academiae
1031 953 1117 989 vitio,

226 997 279 1027 sed
294 997 434 1028 tarditate
449 999 622 1036 hominum,
639 998 766 1028 arbitror
781 997 948 1037 contigisse.
978 997 1074 1033 Nam,
1092 996 1117 1025 si

226 1040 363 1080 singulas
382 1041 554 1082 disciplinas
576 1041 729 1082 percipere
751 1051 900 1081 magnum
925 1045 980 1077 est,
1003 1045 1118 1080 quanto

226 1084 328 1122 majus
350 1085 475 1114 omnes!
504 1085 587 1126 quod
610 1085 708 1114 facere
731 1084 767 1114 iis
788 1094 905 1114 necesse
927 1089 982 1121 est,
1006 1082 1118 1123 quibus

225 1127 415 1167 propositum
446 1133 500 1165 est,
532 1128 593 1158 veri
623 1127 790 1168 reperiendi
819 1126 921 1163 causa,
952 1132 982 1156 et
1015 1130 1119 1155 contra

226 1179 332 1200 omnes
352 1170 559 1211 philosophos,
581 1176 610 1200 et
630 1181 684 1210 pro
705 1170 858 1206 omnibus,
880 1169 986 1199 dicere.
1019 1168 1117 1207 Cujus

227 1212 270 1242 rei
283 1218 374 1243 tantae
386 1219 511 1254 tamque
523 1214 652 1244 difficilis
663 1213 838 1243 facultatem
850 1218 1045 1243 consecutum
1058 1222 1120 1241 esse

229 1265 279 1285 me
295 1266 355 1286 non
371 1256 532 1296 profiteor3
557 1262 695 1286 secutum
714 1266 786 1293 esse,
806 1267 869 1296 prae
884 1266 934 1285 me
949 1255 1020 1284 fero.
1053 1254 1085 1283 N
1088 1264 1120 1284 ec

228 1304 331 1329 tamen
348 1299 413 1328 fieri
428 1305 536 1340 potest,
558 1305 603 1338 ut,
620 1299 674 1340 qui
694 1299 752 1329 hac
770 1299 885 1329 ratione
904 1297 1120 1339 philosophen-

228 1346 289 1377 tur,
312 1342 333 1371 ii
354 1342 431 1372 nihil
451 1343 594 1380 habeant,
615 1341 698 1383 quod
719 1348 893 1382 sequantur.
927 1341 1056 1371 Dictum
1077 1346 1120 1370 est

228 1385 354 1415 omnino
376 1385 432 1415 hac
455 1385 492 1416 de
516 1396 547 1415 re
569 1385 628 1415 alio
650 1386 715 1415 loco
737 1385 930 1426 diligentius:
959 1384 1022 1421 sed,
1046 1383 1118 1424 quia

228 1427 320 1458 nimis
345 1428 490 1459 indociles
514 1428 640 1470 quidam
669 1428 808 1469 tardique
830 1435 911 1466 sunt,
935 1426 1118 1457 admonendi

229 1470 371 1502 videntur
386 1472 505 1512 saepius.
538 1472 611 1502 Non
632 1471 714 1501 enim
735 1481 841 1501 sumus
861 1471 893 1508 ii,
916 1471 1027 1511 quibus
1041 1469 1119 1499 nihil

229 1524 336 1544 verum
357 1525 419 1545 esse
439 1515 587 1552 videatur,
609 1515 661 1545 sed
675 1514 707 1552 ii,
725 1514 778 1555 qui
794 1514 936 1544 omnibus
952 1513 1028 1543 veris
1043 1513 1120 1542 falsa

229 1557 371 1597 quaedam
387 1558 530 1597 adjuncta
551 1568 612 1588 esse
630 1558 778 1595 dicamus,
801 1557 886 1587 tanta
907 1556 1117 1593 similitudine,

230 1606 265 1629 ut
288 1600 320 1630 in
342 1601 379 1631 iis
404 1601 489 1631 nulla
511 1601 583 1631 insit
606 1608 685 1631 certa
704 1600 863 1640 judicandi
885 1605 914 1631 et
940 1598 1120 1630 assentiendi

229 1648 309 1672 nota.
334 1643 385 1674 Ex
401 1654 463 1685 quo
479 1644 594 1674 exsistit
606 1649 635 1674 et
646 1644 735 1682 illud,
748 1644 847 1673 multa
859 1654 921 1674 esse
932 1642 1118 1685 probabilia3

229 1696 299 1726 quae
314 1697 503 1727 quamquam
520 1697 580 1717 non
596 1687 832 1728 perciperentur,
854 1692 967 1723 tamen,
987 1685 1060 1726 quia
1075 1684 1119 1715 vi-

230 1739 298 1758 sum
317 1729 463 1760 haberent
484 1730 649 1771 quemdam
670 1729 821 1772 insignem
842 1736 871 1761 et
891 1730 1052 1767 illustrem,
1073 1727 1120 1758 his

229 1772 371 1812 sapientis
387 1773 448 1804 vita
463 1779 625 1813 regeretur.
