1226 1935
175 98 195 126 2
308 97 369 129 DE
393 98 591 139 FINIBUS,
617 99 696 131 1113.
714 99 780 131 111,
804 99 887 131 CAP.
903 101 933 130 2.

173 192 260 219 num,
285 189 320 214 ut
344 185 454 216 virtute
477 192 585 225 careat,
610 186 672 227 qua⁴
692 185 769 216 nihil
788 192 886 227 potest
907 195 969 216 esse
987 194 1066 225 prae-

173 232 309 257 stantius.

218 270 337 311 Itaque,
364 282 563 312 quamquam,
588 272 620 301 in
640 283 674 302 eo
687 282 822 302 sermone
834 272 887 313 qui
903 282 972 301 cum
985 271 1065 300 Tor-

174 318 266 352 quato
287 320 330 343 est
350 314 482 351 habitus,
505 325 565 344 non
586 315 700 345 remissi
718 315 854 351 fuimus;
879 322 979 344 tamen
1000 314 1065 343 haec

173 355 267 385 aerior
283 362 326 386 est
346 367 416 386 cum
438 358 544 387 Stoicis
564 364 669 398 parata
689 358 848 388 contentio.
882 359 961 395 Quae
982 357 1063 386 enim

173 397 210 427 de
226 399 378 439 voluptate
391 400 543 436 dicuntur,
560 411 594 430 ea
609 411 663 430 nec
679 401 848 430 acutissime
864 411 917 430 nec
940 401 1065 429 abscon-

173 440 234 470 dite
250 441 444 472 disseruntur.
478 443 589 483 Neque
610 443 702 480 enirn,
725 443 777 484 qui
798 443 963 473 defendunt
984 453 1062 479 eam,

173 485 284 514 versuti
308 485 338 514 iu
361 485 530 515 disserendo
552 492 633 524 sunt,
659 496 723 522 nec,
750 486 802 526 qui
826 492 928 516 contra
947 485 1064 523 dicunt,

173 536 294 557 causam
317 528 470 558 difficilem
494 529 652 569 repellunt.
688 530 758 569 Ipse
781 529 872 558 etiam
895 528 966 558 dicit
988 528 1065 568 Epi-

173 580 273 607 curus,
291 580 328 600 ne
344 571 618 611 argumentandum
635 572 758 612 quidem
772 582 833 601 esse
849 571 885 601 de
898 571 1063 611 voluptate,

172 613 254 652 quod
271 613 308 643 sit
322 614 453 654 positum
470 615 534 662 ejus
548 615 697 663 judicium
718 615 749 643 in
771 614 916 649 sensibus,
934 620 967 643 ut
983 624 1065 643 com-

171 656 288 686 moneri
303 667 357 686 nos
372 657 442 687 satis
458 657 506 693 sit,
523 657 598 687 nihil
614 657 738 687 attineat
753 657 860 687 doceri.
894 657 997 693 Quare
1013 657 1067 686 illa

173 699 259 728 nobis
284 700 412 739 simplex
437 700 495 730 fuit
519 700 549 729 in
571 706 732 740 utramque
753 706 869 740 partem
890 699 1063 739 disputatio.

173 741 205 771 N
209 752 240 771 ec
262 742 342 771 enim
364 743 395 772 in
417 742 567 783 Torquati
588 753 724 772 sermone
744 742 912 783 quidquam
928 742 1066 782 implica-

172 789 239 813 tum
255 790 308 814 aut
324 791 493 815 tortuosum
509 785 586 821 fuit;
607 792 778 826 nostraque,
795 792 829 814 ut
844 786 919 814 mihi
936 785 1064 823 videtur,

172 827 304 857 dilucida
319 828 421 857 oratio.
456 830 625 858 Stoicorum
645 834 746 858 autem
762 838 821 857 non
838 828 956 868 ignoras
972 838 1065 868 quam

173 870 210 899 sit
235 872 355 908 subtile,
382 872 428 900 vel
451 871 604 911 spinosum
630 871 740 911 potius,
767 871 928 901 disserendi
948 881 1064 911 genus3

173 913 264 954 idque
283 924 352 943 cum
375 915 498 951 Graecis,
521 920 586 943 tum
608 914 704 954 magis
724 914 819 951 nobis,
843 914 952 962 quibus
974 914 1064 943 etiam

173 958 264 987 verba
280 957 422 997 parienda
438 963 518 993 sunt,
535 957 778 997 imponendaque
790 967 868 986 nova
880 957 963 986 novis
976 958 1066 986 rebus

173 999 316 1029 nomina·
341 999 422 1040 quod
439 1000 561 1040 quidem
579 1010 667 1029 nemo
685 999 872 1029 mediocriter
887 999 991 1029 doctus
1007 1000 1066 1028 mi-

173 1042 300 1079 rabitur,
318 1042 461 1082 cogitans,
483 1043 514 1072 in
535 1042 618 1072 omni
639 1049 712 1078 arte,
735 1043 821 1081 cujus
842 1053 913 1071 usus
933 1043 1065 1081 vulgaris

173 1085 403 1125 communisque
420 1095 479 1114 non
501 1085 549 1121 sit,
571 1085 701 1114 multam
721 1085 883 1114 novitatem
905 1085 1064 1114 nominum

174 1138 246 1164 esse,
264 1138 333 1157 cum
351 1134 569 1158 constituantur
584 1138 687 1158 earum
707 1138 806 1157 rerum
824 1128 979 1162 vocabula,
997 1138 1066 1167 quae

174 1171 206 1200 in
222 1181 344 1211 quaque
360 1176 422 1200 arte
439 1176 599 1200 versentur.
626 1171 734 1211 Itaque
746 1177 773 1200 et
786 1170 824 1199 di
818 1171 931 1201 ilectici
944 1176 972 1200 et
987 1170 1066 1211 phy-

174 1213 227 1244 sici
253 1213 348 1244 verbis
373 1219 500 1243 utuntur
524 1213 571 1250 iis,
595 1224 663 1254 quae
687 1214 743 1261 ipsi
766 1213 890 1244 (xraeciae
915 1220 985 1243 nota
1005 1223 1066 1243 non

176 1262 255 1286 sunt.
296 1256 465 1286 Geometrae
492 1267 571 1293 vero,
601 1256 718 1293 musici,
746 1256 946 1296 grammatici,
975 1256 1066 1286 etiam

175 1309 259 1329 more
279 1299 411 1340 quodam
430 1299 597 1340 loquuntur
618 1310 680 1329 suo.
715 1300 792 1329 Item
817 1300 889 1340 ipsae
912 1299 1066 1329 rhetorum

175 1348 263 1379 artes,
280 1352 349 1382 quae
363 1348 433 1372 sunt
449 1348 518 1371 totae
533 1342 662 1372 forenses
678 1348 767 1382 atque
783 1342 952 1382 populares,
970 1342 1067 1372 verbis

175 1390 289 1420 tamen,
303 1384 334 1413 in
350 1384 494 1421 docendo,
512 1385 598 1425 quasi
614 1385 737 1425 privatis
754 1391 882 1414 utuntur
898 1396 932 1414 ac
948 1385 1018 1414 suis.

218 1427 263 1457 ΙΙ.
288 1427 405 1468 Atque,
428 1434 462 1457 ut
482 1428 621 1457 omittam
642 1428 695 1457 has
714 1434 791 1457 artes
812 1428 960 1467 elegantes
977 1434 1005 1457 et
1020 1428 1067 1457 in-

174 1480 299 1510 genuas,
316 1480 353 1499 ne
368 1470 487 1510 opifices
503 1471 625 1511 quidem
643 1471 719 1500 tueri
735 1482 789 1500 sua
800 1470 924 1500 artificia
935 1477 1066 1511 possent,

175 1513 232 1542 nisi
248 1513 400 1543 vocabulis
416 1519 569 1543 uterentur
585 1513 670 1543 nobis
686 1513 854 1553 incognitis,
872 1513 988 1543 usitatis
1000 1514 1066 1544 sibi.

176 1555 262 1593 Quin
281 1556 371 1585 etiam
391 1556 585 1596 agricultura,
602 1568 671 1597 quae
686 1557 824 1586 abhorret
840 1557 878 1586 ab
893 1557 977 1586 omni
992 1557 1069 1596 poli-

174 1598 249 1628 tiore
273 1598 432 1638 elegantia,
458 1606 558 1629 tamen
583 1609 631 1629 eas
655 1610 710 1636 res,
734 1600 764 1628 in
788 1599 899 1640 quibus
923 1606 1067 1637 versatur,

174 1641 349 1671 nominibus
365 1642 480 1672 notavit
495 1643 587 1672 novis.
617 1644 689 1679 Quo
704 1642 801 1682 magis
817 1643 872 1672 hoc
888 1642 1068 1682 philosopho

175 1683 349 1714 faciendum
373 1691 434 1715 est:
464 1696 510 1715 ars
533 1692 576 1715 est
598 1685 678 1714 enim
702 1685 891 1726 philosophia
915 1685 1001 1715 vitae:
1031 1685 1068 1715 de

176 1726 238 1767 qua
264 1726 409 1757 disserens
435 1728 563 1768 arripere
594 1730 684 1758 verba
713 1728 750 1758 de
776 1728 840 1758 foro
870 1738 929 1757 non
960 1734 1066 1768 potest.

176 1769 377 1811 Quamquam
397 1781 434 1802 ex
457 1771 598 1803 omnibus
618 1771 804 1813 philosophis
824 1771 917 1802 Stoici
934 1771 1069 1812 plurima
