1226 1935
202 96 265 126 280
331 96 454 128 TUSC.
468 96 641 135 QUAEST.
659 96 737 127 Lm.
755 95 796 127 V.
814 95 897 126 CAP.
914 96 965 126 29.

203 186 282 212 tutes
298 181 361 212 sine
375 183 465 213 beata
479 182 542 213 vita
557 183 704 214 cohaerere
718 187 854 223 possunt,
878 190 932 211 nec
953 179 1007 210 illa
1027 176 1091 208 sine

203 225 376 256 virtutibus.
402 226 510 266 Itaque
531 237 597 256 eam
619 226 804 266 tergiversari
823 234 883 254 non
904 224 1022 258 sinent;
1047 231 1092 251 se-

204 277 337 308 cumque
355 269 483 309 rapient,
500 269 538 299 ad
554 279 778 310 quemcumque
793 269 866 309 ipsae
881 266 1014 297 dolorem
1026 275 1094 294 cru-

203 310 379 352 ciatumque
399 312 555 342 ducentur.
585 312 734 353 Sapientis
756 318 800 342 est
821 311 901 341 enim
922 308 1092 350 proprium,

202 353 291 391 nihil,
317 354 399 395 quod
423 355 566 395 poenitere
586 355 690 397 possit,
713 355 819 391 facere,
842 353 918 384 nihil
939 352 1091 384 invitum:

202 397 371 436 splendide,
388 404 567 435 constanter,
584 398 724 439 graviter,
741 398 865 428 honeste
876 396 999 431 omnia3
1016 393 1094 424 nihil

202 439 245 469 ita
261 447 442 480 exspectare,
466 442 552 482 quasi
568 448 646 472 certo
661 442 822 476 futurum3
847 439 934 475 nihil,
959 448 1029 468 cum
1045 446 1094 467 ac-

202 482 318 521 ciderit,
341 483 497 522 admirari,
518 491 553 514 ut
568 484 759 525 inopinatum
775 493 809 513 ac
825 492 938 513 novum
954 479 1095 511 accidisse

204 525 361 562 videatur;
386 527 490 557 omnia
512 527 551 557 ad
576 537 666 557 suum
693 526 852 557 arbitrium
879 525 1008 559 referre;
1033 522 1094 553 suis

203 574 281 599 stare
298 569 430 608 judiciis.
463 570 536 607 Quo
557 570 631 611 quid
652 570 690 600 sit
710 569 838 607 beatius,
860 567 937 598 mihi
961 572 1038 597 certe
1062 566 1094 595 in

203 618 338 642 mentem
354 612 454 642 venire
470 623 529 643 non
546 619 652 653 potest.

247 655 418 685 Stoicorum
434 655 558 696 quidem
579 655 674 686 facilis
695 654 845 686 conclusio
867 658 930 689 est;
955 652 1095 693 quicum

203 697 296 727 finem
324 699 473 729 bonorum
499 710 562 729 esse
587 699 743 735 senserint,
776 707 941 737 congruere
966 703 1093 733 naturae,

203 750 336 781 cumque
357 742 392 771 ea
416 742 626 772 convenienter
646 742 765 776 vivere3
789 750 859 770 cum
880 739 911 769 id
932 739 969 769 sit
993 738 1024 768 in
1049 748 1095 768 sa-

202 782 304 823 piente
319 784 424 819 situm,
448 795 509 815 non
525 785 622 815 officio
638 785 748 820 solum,
768 793 874 813 verum
890 783 981 812 etiam
996 787 1096 822 potes-

205 832 286 862 tate;
318 834 462 868 sequatur
487 838 605 858 necesse
631 834 685 864 est,
709 833 754 865 ut,
782 827 868 865 cujus
894 825 925 855 in
951 830 1097 865 potestate

203 879 362 899 summum
378 872 505 908 bonum,
529 871 561 900 in
580 871 716 910 ejusdem
732 870 794 900 vita
808 870 896 899 beata
911 868 957 899 sit.
997 867 1046 897 Ita
1061 867 1096 897 fit

203 922 322 952 semper
344 913 405 943 vita
426 915 513 944 beata
527 914 677 955 sapientis.
717 913 833 949 Habes,
850 922 919 952 quae
934 910 1096 940 fortissime

203 955 242 985 de
261 956 350 986 beata
372 956 434 986 vita
456 957 514 987 dici
535 964 652 997 putem,
675 962 715 993 et,
740 966 802 996 quo
821 954 912 984 modo
932 963 1014 984 nunc
1038 958 1092 991 est,

203 998 276 1032 (nisi
292 999 366 1039 quid
383 1006 414 1030 tu
431 1000 539 1029 melius
555 1000 703 1036 attuleris)
720 999 811 1029 etiam
827 998 989 1028 verissime.

248 1041 378 1072 XXIX.
412 1043 558 1073 Auditor.
584 1043 700 1073 Melius
724 1041 863 1082 equidem
889 1040 994 1070 afferre
1017 1038 1094 1069 nihil

202 1094 326 1125 possum
339 1096 347 1114 :
365 1086 415 1115 sed
431 1097 449 1115 a
462 1092 490 1116 te
502 1086 690 1126 impetrarim
705 1085 843 1122 libenter,
860 1084 917 1113 nisi
931 1082 1094 1113 molestum

202 1127 251 1164 sit,
270 1129 426 1168 (quoniam
441 1135 469 1159 te
481 1129 566 1159 nulla
578 1129 698 1159 vincula
713 1127 884 1168 impediunt
899 1126 992 1156 ullius
1007 1131 1095 1155 certae

205 1170 383 1210 disciplinae,
411 1172 548 1212 libasque
573 1183 611 1202 ex
639 1171 793 1207 omnibus,
824 1169 1038 1211 quodcumque
1068 1174 1098 1199 te

208 1214 342 1244 maxime
358 1215 454 1255 specie
470 1215 601 1245 veritatis
620 1220 734 1252 movet)
751 1213 833 1254 quod
845 1213 937 1253 paulo
952 1218 1021 1242 ante
1037 1211 1096 1241 Pe-

202 1256 373 1296 ripateticos
389 1264 580 1298 veteremque
595 1257 796 1288 Academiam
812 1255 925 1286 hortari
940 1254 1091 1291 videbare,

201 1304 236 1328 ut
252 1299 316 1329 sine
331 1302 537 1331 retractatione
552 1301 646 1331 libere
660 1300 758 1330 dicere
774 1299 929 1335 auderent,
947 1297 1094 1338 sapientes

201 1351 264 1371 esse
280 1353 397 1383 semper
412 1344 618 1380 beatissimos;
643 1343 674 1373 id
695 1343 786 1373 velim
808 1342 922 1379 audire,
946 1340 1093 1382 quemad-

202 1384 329 1415 modum
343 1386 389 1416 his
403 1394 489 1427 putes
502 1393 736 1417 consentaneum
749 1396 811 1416 esse
822 1385 854 1414 id
865 1385 970 1414 dicere.
988 1383 1094 1413 Multa

204 1428 287 1457 enim
300 1439 318 1458 a
333 1435 361 1459 te
377 1436 479 1460 contra
490 1430 578 1460 istam
595 1429 774 1460 sententiam
786 1428 867 1458 dicta
878 1432 959 1466 sunt,
975 1432 1004 1457 et
1015 1426 1095 1458 Stoi-

202 1480 308 1501 corum
323 1472 437 1502 ratione
452 1473 601 1503 conclusa.

248 1514 383 1544 Marcus.
409 1516 542 1546 Utamur
556 1516 649 1556 igitur
663 1515 812 1551 libertate,
835 1513 896 1554 qua
917 1513 1004 1543 nobis
1025 1513 1095 1543 solis

201 1556 233 1585 in
250 1557 441 1598 philosophia
453 1559 522 1589 licet
537 1559 593 1595 uti,
618 1568 749 1599 quorum
765 1557 859 1587 oratio
874 1556 950 1586 nihil
966 1556 1031 1596 ipsa
1043 1557 1094 1595 ju-

202 1599 293 1637 dicat,
318 1601 369 1631 sed
385 1601 513 1632 habetur
528 1602 559 1631 in
580 1611 684 1631 omnes
700 1606 810 1641 partes,
835 1605 869 1629 ut
885 1601 922 1629 ab
939 1599 1005 1630 aliis
1025 1609 1094 1639 pos-

203 1641 241 1671 sit
256 1642 322 1683 ipsa
338 1655 392 1684 per
412 1655 485 1681 sese,
508 1645 623 1674 nullius
644 1643 820 1674 auctoritate
835 1642 990 1681 adjuncta,
1012 1642 1095 1682 judi-

202 1685 272 1714 cari.
297 1686 350 1724 Et,
368 1688 513 1727 quoniam
530 1687 638 1718 videris
653 1687 710 1717 hoe
725 1687 813 1723 velle,
830 1692 876 1720 ut,
893 1695 1094 1726 quaecumque

203 1727 443 1760 dissentientium
469 1730 719 1771 philosophorum
745 1728 892 1760 sententia
911 1728 949 1758 sit
969 1728 1006 1758 de
1027 1728 1095 1757 fini-

204 1771 271 1809 bus,
289 1777 389 1803 tamen
407 1773 501 1804 virtus
516 1774 586 1804 satis
601 1773 711 1803 habeat
727 1771 765 1802 ad
781 1772 875 1802 vitam
886 1772 1007 1809 beatam
1019 1781 1095 1811 prae-
