1226 1935
238 64 281 94 86
376 63 438 95 DE
461 63 660 102 FINIBUS,
678 63 758 94 Lm.
776 63 813 95 V,
834 63 918 94 CAP.
937 64 986 94 19.

239 148 316 190 quid
334 149 372 180 de
393 149 520 181 Platone
542 156 595 180 aut
616 149 803 187 Democrito,
824 149 943 190 loquar,
965 160 983 179 a
1003 150 1126 190 quibus,

237 199 360 233 propter
375 193 508 223 discendi
520 193 728 234 cupiditatem,
742 193 879 223 videmus
895 192 1018 222 ultimas
1035 199 1128 223 terras

239 246 302 266 esse
317 238 515 277 peragratas?
539 247 608 276 quae
620 236 674 277 qui
686 245 746 266 non
762 235 876 270 vident,
889 235 967 264 nihil
987 245 1125 275 unquam

242 277 396 327 [magna]
401 279 571 319 cognitione
587 279 716 319 dignum
731 284 918 308 ain-nerunt
950 278 1057 318 Atque
1070 278 1128 308 hoc

240 322 317 357 loco,
345 321 398 362 qui
425 328 547 362 propter
571 321 666 351 animi
693 322 862 362 voluptates
887 320 943 350 coli
966 320 1071 351 dicunt
1095 332 1131 351 ea

240 364 351 401 studia,
379 375 448 405 quae
473 364 549 401 dixi,
575 374 635 394 non
659 364 722 394 inte
709 364 756 393 lli
758 370 845 403 tunt,
870 363 929 393 idei
920 374 980 394 reo
1008 374 1069 393 esse
1095 374 1131 393 ea

239 414 363 447 propter
378 418 408 437 se
432 407 609 448 expetenda,
631 407 724 447 quod,
743 407 830 436 nulli
851 406 981 436 utilitate
1000 407 1130 445 objecta,

240 450 426 480 delectentur
446 450 552 485 animi,
569 456 659 490 atque
682 450 748 490 ipsa
768 449 902 488 scientia,
927 449 1019 479 etiam
1040 449 1065 479 si
1085 449 1133 479 in-

241 493 402 524 commoda
417 493 524 523 datura
539 493 588 528 sit,
605 492 766 533 gaudeant.

286 536 346 566 Sed
362 536 436 576 quid
452 536 558 565 attinet
573 536 609 565 de
625 536 714 565 rebus
730 541 792 564 tam
808 534 917 575 apertis
932 535 1021 575 plura
1030 535 1133 576 requi-

242 589 306 609 rere
320 580 333 609 ?
360 579 423 619 Ipsi
440 579 520 609 enini
532 588 703 619 quaeramus
713 588 731 607 a
741 577 838 614 nobis,
850 578 1006 607 stellarum
1017 585 1132 616 motus,

242 622 571 662 contemplationesque
586 631 686 650 rerum
700 621 876 657 coelestium,
890 630 1055 661 eorumque
1067 631 1136 650 om-

242 665 341 701 nium,
358 675 427 705 quae
442 671 558 694 naturae
573 663 753 694 obscuritate
768 664 968 699 occultantur,
986 664 1134 703 cognitio-

243 717 307 744 nes,
331 707 591 747 quemadmodum
611 716 664 737 nos
682 712 843 736 moveant:
869 712 898 736 et
916 706 990 746 quid
1008 707 1134 737 historia.

243 750 380 788 delectet,
407 760 500 791 quam
525 750 656 780 solemus
683 749 822 790 persequi
846 759 942 790 usque
968 749 1006 779 ad
1033 756 1134 780 extre-

244 803 354 823 mum:
379 793 580 833 praetermissa
602 793 786 833 repetimus3
816 792 956 822 inchoata
979 793 1134 833 persequi-

244 847 324 866 mur.
350 835 416 866 Nec
432 846 500 866 vero
513 846 580 865 suni
596 835 718 871 inscius,
736 846 798 865 esse
812 835 976 865 utilitatem
992 835 1023 865 in
1038 835 1135 866 histo-

245 879 301 916 ria,
319 889 379 909 non
394 879 485 909 modo
501 879 697 919 voluptatem.
722 878 807 915 Quid
822 880 835 908 Ρ
859 888 928 908 cum
946 878 1029 908 fictas
1045 878 1134 908 fabu-

243 922 300 958 las,
320 933 336 952 e
351 922 462 962 quibus
479 921 591 951 utilitas
601 922 686 951 nulla
697 921 766 951 duci
777 926 885 961 potest,
899 931 968 951 cum
979 921 1134 962 voluptate

243 965 280 995 le‹
276 965 384 1002 aimus.
418 966 456 1002 Q
453 964 522 995 ικ1.
515 966 529 986 '³
563 975 633 994 cum
649 965 790 994 volumus
806 964 930 994 nomina
947 974 1062 1000 eorum,
1080 965 1135 1005 qui

245 1007 363 1048 quid
345 1018 380 1031 «ν
366 1008 499 1044 sserint,
521 1014 593 1037 nota
617 1008 703 1037 nobis
722 1017 795 1043 esse,
818 1014 967 1047 parentes,
989 1007 1131 1046 patriam,

244 1032 511 1091 1m11ta⁶praeterea
535 1050 661 1080 minime
691 1050 863 1080 necessaria.
902 1049 1007 1087 Ouid.
1000 1051 1014 1068 ²
1051 1051 1134 1090 quod

244 1093 382 1123 homines
405 1093 511 1123 infima
526 1093 660 1130 fortuna,
685 1093 772 1122 nulla
792 1103 844 1133 spe
864 1102 966 1122 rerum
989 1093 1135 1133 gerenda-

245 1146 326 1173 rum,
351 1136 470 1176 opifices
492 1136 634 1176 denique,
659 1135 845 1166 delectantur
862 1135 1009 1165 histo-risi:
1035 1137 1134 1165 maxi-

246 1189 356 1219 meque
379 1189 428 1208 eos
447 1179 546 1209 videre
568 1189 730 1219 possumus
749 1189 796 1209 res
817 1184 914 1218 gestas
929 1178 1033 1208 audire
1049 1185 1078 1209 et
1092 1179 1137 1209 Ie-

245 1232 316 1262 gere
331 1222 418 1259 velle,
436 1222 489 1262 qui
505 1233 523 1251 a
537 1232 590 1262 spe
605 1221 728 1261 gerendi
747 1223 868 1258 absunt,
891 1221 1016 1251 confecti
1035 1232 1136 1252 senec-

246 1270 320 1295 tute.
355 1265 506 1302 Quocirca
528 1265 657 1305 intelligi
678 1275 795 1294 necesse
818 1270 872 1300 est,
889 1264 919 1293 in
939 1264 1011 1304 ipsis
1035 1266 1135 1302 rebus,

247 1318 316 1348 quae
335 1307 492 1337 discuntur
513 1314 542 1338 et
559 1314 791 1348 cognoscuntur,
810 1307 1009 1336 invitanienta
1029 1307 1135 1345 inesse,

247 1350 359 1391 quibus
375 1350 413 1380 ad
426 1350 603 1380 discendum
620 1350 922 1390 cognoscendumque
937 1360 1124 1380 moveamur.

290 1394 340 1423 Ac
352 1400 464 1423 veteres
476 1393 601 1434 quidem
611 1393 794 1434 philosophi,
807 1393 839 1422 in
852 1394 1008 1423 beatorum
1019 1393 1138 1431 insulis,

248 1436 380 1477 fingunt,
397 1437 495 1477 qualis
511 1436 619 1466 natura
635 1436 672 1466 sit
688 1436 750 1466 vita
765 1436 958 1477 sapientium,
981 1446 1067 1476 quos,
1087 1447 1141 1467 cu-

248 1479 283 1509 ra
297 1479 382 1509 omni
397 1479 548 1515 liberatos,
572 1480 692 1509 nullum
713 1479 913 1509 necessarium
935 1478 1004 1508 vitae
1022 1479 1140 1509 cultum

249 1528 303 1552 aut
328 1528 469 1562 paratum
499 1522 695 1563 requirentes,
724 1522 800 1552 nihil
827 1521 911 1551 aliud
935 1532 996 1552 esse
1023 1528 1141 1552 acturos

250 1571 371 1605 putant,
388 1565 447 1594 nisi
458 1571 492 1595 ut
507 1575 597 1595 omne
615 1571 735 1605 tempus
750 1565 782 1594 in
798 1564 961 1605 quaerendo
976 1575 1010 1594 ac
1025 1565 1142 1595 discen-

250 1607 301 1645 do,
327 1608 360 1638 in
383 1614 501 1638 naturae
527 1608 708 1648 cognitione,
730 1614 919 1638 consumant.
954 1607 1020 1638 Nos
1038 1614 1140 1638 autem

249 1661 310 1681 non
326 1651 425 1681 solum
445 1652 540 1681 beatae
556 1651 626 1682 vitae
640 1651 730 1681 istam
745 1651 976 1681 oblectationem
993 1651 1142 1688 videmus,

249 1694 301 1725 sed
323 1694 415 1725 etiam
438 1694 645 1726 levamentum
667 1694 867 1725 miseriarum.
904 1695 1014 1735 Itaque
1038 1694 1141 1732 multi,
