1226 1935
245 59 306 90 DE
330 58 528 97 FINIBUS,
550 57 630 88 Lm.
643 56 684 89 V.
701 56 785 87 ΟΑΡ.
798 57 828 86 8.
938 55 976 91 71

95 143 197 174 referri
210 156 220 181 ς
244 151 279 176 ut
302 145 356 176 illa
380 144 551 186 prudentia,
577 153 670 185 quam
697 148 792 174 artem
823 142 892 172 vitae
921 151 983 171 csse

94 187 240 225 diximus,
262 189 292 218 in
315 199 419 219 earum
441 188 533 218 trium
554 197 655 217 rerum
676 185 780 227 aliquit
802 191 944 220 versetur,
966 195 985 213 a

95 231 157 270 quit
172 232 265 262 totius
280 232 350 262 vitae
364 231 456 262 ducat
471 230 639 261 exordium.

138 273 189 304 Ex
212 285 246 304 eo
269 281 383 311 autem,
407 274 489 315 quod
511 273 647 304 statuerit
669 282 742 309 esse,
766 282 827 313 quo
850 271 984 311 primum

95 322 205 347 natura
227 324 396 355 moveatur,
424 317 545 347 exsistet
571 316 663 346 etiam
690 315 761 345 recti
787 314 864 344 ratio
893 319 985 354 atque

94 358 223 397 honesti,
239 371 309 401 quae
324 371 394 391 cum
410 370 471 390 uno
486 359 589 400 aliquo
604 369 642 389 ex
663 358 759 388 tribus
779 357 838 387 illis
857 366 986 396 congru-

95 412 144 432 ere
166 404 278 443 possit;
303 410 338 434 ut
362 402 430 442 [aut
453 403 499 443 id]
517 403 678 432 honestum
701 401 749 437 sit,
768 400 863 430 facere
883 398 987 430 omnia

94 451 149 476 aut
165 447 326 487 voluptatis
342 446 443 483 causa,
460 446 551 476 etiam
568 445 592 475 si
614 455 681 475 eam
703 454 764 474 non
780 452 984 483 consequare;

95 494 149 518 aut
169 498 230 519 non
251 489 384 527 dolendi,
401 490 492 519 etiam
519 489 544 519 si
567 488 599 518 id
617 487 735 527 assequi
756 496 910 527 nequeas3
934 490 988 515 aut

95 541 213 569 eorum,
230 543 299 573 quae
314 532 481 563 secundum
496 537 649 567 naturam,
663 529 855 571 adipiscendi.
882 529 929 558 Ita
941 529 987 565 fit,

97 580 142 611 ut,
166 581 282 616 quanta
303 575 472 606 differentia
493 580 538 605 est
559 574 592 604 in
614 573 769 614 principiis
786 572 987 608 naturalibus,

97 622 182 648 tanta
196 618 235 648 sit
249 619 281 648 in
302 618 414 649 finibus
435 620 586 648 bonorum
607 617 820 656 malorumque
835 615 989 645 dissimili-

97 661 180 691 tudo.
204 662 271 691 Alii
287 673 401 698 rursus,
418 661 525 691 iisdem
541 671 559 690 a
574 659 740 701 principiis,
751 668 841 688 omne
853 657 987 688 officium

97 704 232 734 referunt
252 710 305 734 aut
325 705 364 734 ad
379 705 578 744 voluptatem,
595 709 648 732 aut
668 702 707 732 ad
728 711 789 731 non
810 701 988 739 dolendum,

96 753 150 776 aut
165 747 203 777 ad
218 747 318 788 prima
333 747 386 776 ina
402 746 569 776 secundum
584 751 724 775 naturam
741 744 914 775 obtinenda.

139 790 298 831 Expositis
318 791 384 829 jam
400 789 493 829 igitur
507 799 560 818 sex
579 788 617 818 de
632 797 753 818 summo
770 788 851 817 bono
872 794 990 817 senten-

95 833 157 870 tiis,
188 833 282 864 trium
311 833 522 873 proximarum
551 830 584 860 hi
612 830 782 871 principes;
814 830 989 871 voluptatis,

96 876 276 917 Aristippus
289 887 299 912 ς
323 886 385 905 non
401 874 534 911 dolendi,
552 874 783 914 Hieronymus3
807 872 928 903 fruendi
944 884 990 904 re-

98 921 156 950 bus
170 919 217 957 iis,
229 930 305 960 quas
314 919 429 960 primas
440 917 607 948 seeundum
617 924 758 946 naturam
769 926 831 946 esse
842 916 989 952 diximus,

98 962 280 1000 Carneades,
294 972 354 992 non
370 962 422 992 ille
437 960 562 1002 quidem
573 966 687 997 auctor,
699 958 750 989 sed
765 958 915 996 defensor,
929 960 990 989 dis-

99 1005 217 1036 serendi·
239 1005 340 1043 causa,
363 1005 431 1035 fuit.
465 1003 640 1044 Superiores
656 1008 716 1032 tres
731 1008 827 1039 erant,
844 1013 914 1043 quae
929 1013 992 1033 esse

98 1054 239 1090 possent:
263 1058 396 1090 quarum
417 1053 460 1077 est
479 1057 542 1076 una
563 1046 626 1077 sola
641 1045 774 1081 defensa,
792 1055 887 1086 eaque
902 1046 992 1075 vehe-

98 1097 226 1122 menter.
254 1092 340 1122 Nam
361 1089 523 1131 voluptatis
544 1089 635 1119 causa
652 1088 748 1119 facere
768 1089 883 1125 omnia,
905 1099 989 1126 cum,

99 1135 191 1166 etiam
207 1135 232 1165 si
247 1135 324 1164 nihil
339 1143 571 1174 consequamur,
588 1139 689 1162 tamen
705 1132 806 1172 ipsum
827 1131 905 1162 illud
920 1142 991 1162 con-

98 1178 201 1208 silium
217 1179 260 1208 ita
274 1177 414 1210 faciendi,
431 1187 484 1217 per
499 1186 529 1206 se
545 1174 760 1216 expetendum,
778 1180 807 1204 et
816 1174 991 1210 honestum,

99 1228 128 1252 et
144 1221 244 1252 solum
258 1222 375 1251 bonum
392 1220 440 1256 sit,
457 1229 547 1249 nemo
562 1218 644 1248 dicit.
669 1218 719 1248 Ne
735 1217 909 1248 vitationem
923 1219 992 1259 qui-

98 1265 169 1295 dem
185 1264 295 1294 doloris
307 1264 404 1304 ipsam
416 1272 470 1304 per
485 1273 516 1293 se
531 1262 695 1303 quisquam
706 1261 738 1290 in
750 1262 839 1291 rebus
849 1267 992 1302 expeten-

99 1308 146 1338 dis
160 1307 290 1348 putavit,
301 1317 339 1337 ne
355 1307 379 1336 si
391 1307 482 1337 etiam
498 1305 609 1335 evitare
623 1309 732 1345 posset.
756 1304 803 1334 At
814 1314 884 1334 vero
896 1304 993 1335 facere

99 1350 214 1388 omnia,
230 1355 265 1380 ut
277 1350 480 1391 adipiscamur
495 1359 564 1389 quae
579 1347 746 1378 secundum
762 1352 903 1377 naturam
919 1348 991 1383 sint,

99 1394 191 1424 etiam
207 1394 232 1424 si
248 1404 282 1424 ea
297 1403 358 1423 non
373 1402 582 1433 assequamur,
598 1391 630 1420 id
645 1401 708 1421 esse
728 1395 758 1420 et
772 1390 946 1427 honestum,
963 1397 993 1420 et

100 1437 200 1468 solum
221 1447 274 1478 per
295 1447 326 1467 se
347 1435 564 1477 expetendum,
581 1440 611 1464 et
631 1434 731 1464 solum
751 1434 880 1470 bonum,
897 1433 1000 1465 Stoici·

103 1480 218 1510 dicunt.

146 1523 246 1554 VIII.
270 1523 331 1553 Sex
357 1522 451 1563 igitur
473 1521 522 1551 hae
546 1527 617 1551 sunt
639 1519 789 1560 simplices
812 1518 850 1548 de
869 1519 993 1549 summ&

100 1567 252 1597 bonorum
267 1566 480 1606 malorumque
495 1564 650 1594 sententiae
663 1574 672 1599 ;
697 1563 766 1593 duae
777 1562 840 1592 sine
852 1569 991 1603 patrono,

101 1614 232 1650 quatuor
247 1609 385 1639 defensae.
417 1608 440 1638 J
443 1614 542 1638 unctae
556 1613 659 1637 autem
675 1613 704 1636 et
723 1605 859 1646 duplices
875 1606 994 1645 exposi-

100 1652 197 1683 tiones
220 1652 334 1682 summi
357 1652 429 1682 boni
452 1657 512 1681 tres
531 1650 657 1681 omnino
678 1649 821 1679 fuerunt:
846 1658 901 1678 nec
923 1659 993 1679 vero

102 1696 216 1736 plures,
229 1695 254 1725 si
268 1694 389 1736 penitus
404 1704 506 1724 rerum
521 1699 664 1724 naturam
679 1692 791 1729 videas,
808 1701 871 1721 esse
885 1696 992 1731 potue-

102 1744 184 1769 runt,
216 1738 301 1769 Nam
322 1743 375 1769 aut
389 1737 529 1778 voluptas
543 1736 671 1777 adjungi
686 1740 784 1777 potest
799 1734 838 1766 ad
852 1734 992 1765 honesta-
