1226 1935
251 52 375 85 TUSC.
392 52 565 92 QUAEST.
582 53 662 85 Lm.
679 54 744 85 ΙΙΙ.
757 54 841 86 ΟΜ».
853 55 904 85 22.
958 51 1022 84 203

130 140 180 172 M.
190 139 311 176 Catoni,
324 139 408 170 aliud
421 140 457 170 Ii.
470 140 603 171 Lentulo
615 140 775 177 videretur,
790 140 874 171 nulla
883 140 961 170 inter
972 148 1022 168 eos

130 182 309 215 concertatio
323 193 461 224 unquam
476 183 543 214 fuit.
591 183 635 213 Hi
650 184 740 214 nimis
754 183 897 215 iracunde
911 187 1019 223 agunt,

130 225 295 268 praesertiin
310 236 380 256 cum
396 228 434 257 ab
450 226 496 256 his
516 236 576 257 non
592 237 662 257 sane
685 227 820 258 animosa
841 226 1020 256 defendatur

125 269 282 305 sententia,
306 280 361 310 pro
381 269 443 310 qua
457 280 517 300 non
540 270 572 300 in
587 277 704 309 senatu,
728 280 788 300 non
811 270 842 300 in
866 269 1019 304 concione,

125 323 190 344 non
203 311 285 353 apud
300 313 476 350 exercitum,
493 323 590 354 neque
600 314 681 354 apud
694 323 837 349 censores,
854 312 950 343 dicere
962 322 1017 341 au-

124 357 224 387 deant.
249 355 309 386 Sed
325 366 395 386 cum
410 356 473 387 istis
488 356 572 393 alias,
590 362 618 387 et
633 367 668 387 eo
683 357 806 398 quidem
817 356 929 393 animo,
946 354 1016 384 nul-

122 401 189 431 lum
205 404 240 429 ut
254 405 403 429 certamen
418 399 574 430 instituam
588 411 598 436 3
622 410 729 430 verum
745 399 914 431 dicentibus
929 397 1017 428 facile

122 443 237 474 cedam.
262 441 400 472 Tantum
412 443 596 473 admonebo:
614 443 638 473 si
650 443 784 474 maxime
798 453 903 473 verum
915 441 964 476 sit,
977 439 1016 470 ad

121 497 230 527 corpus
250 485 353 516 omnia
374 485 482 516 referre
504 486 690 527 sapientem;
715 487 776 517 sive
797 489 845 521 (ut
858 484 1014 516 honestius

120 530 234 567 dicam)
253 528 329 558 nihil
345 528 452 567 facere,
473 529 531 560 nisi
547 530 628 570 quod
645 530 804 579 expediat;
829 529 890 560 sive
910 526 1014 558 omnia

120 573 229 603 referre
241 572 280 603 ad
291 571 454 603 utilitatem
468 583 576 609 suam;
600 573 745 614 quoniam
760 573 824 604 haec
839 570 1013 613 plausibilia

117 625 179 647 non
191 622 273 653 sunt,
286 621 322 645 ut
333 615 364 645 in
376 615 443 646 sinu
455 615 618 657 gaudeant,
629 616 756 657 gloriose
767 616 852 665 loqui
863 615 1011 646 desinant.

162 659 278 691 XXII.
303 659 539 700 Cyrenaicorum
563 666 654 690 restat
673 659 838 695 sententia;
867 658 921 700 qui
943 664 1011 688 tum

119 702 331 744 aegritudinem
354 708 475 732 censent
501 702 652 740 exsistere,
688 703 713 734 si
737 702 914 744 necopinato
937 700 1012 742 quid

118 746 259 777 evenerit.
303 745 361 776 Est
383 745 415 775 id
438 746 563 786 quidem
584 756 745 795 magnum,
765 752 801 777 ut
823 756 914 786 supra
936 744 1011 774 dixi.

117 789 224 820 Etiam
239 788 411 830 Chrysippo
425 788 468 819 ita
479 788 572 819 videri
587 789 657 827 scio,
674 790 756 831 quod
770 789 925 830 provisum
941 794 1011 818 ante

116 842 178 863 non
194 833 242 869 sit,
259 832 291 862 id
311 832 399 862 ferire
414 831 630 863 vehementius.
657 833 716 863 Sed
731 843 792 863 non
813 838 883 863 sunt
905 831 936 861 in
951 831 1009 862 hoc

116 876 239 906 omnia:
264 885 453 916 quamquam
468 875 602 906 hostiurn
623 886 728 917 repens
744 876 890 906 adventus
911 875 1010 915 magis

114 919 271 960 aliquanto
281 919 450 956 conturbat,
463 928 557 960 quam
570 925 758 960 exspectatus
769 930 777 955 ;
796 925 825 949 et
834 919 925 949 maris
937 919 1009 949 sub-

115 963 158 993 ita
172 968 345 1003 tempestas,
369 972 462 1002 quam
478 968 547 992 ante
569 962 698 1003 provisa,
722 968 812 993 terret
831 962 1008 1003 navigantes

117 1005 339 1037 vehementius.
365 1011 394 1035 et
408 1005 557 1044 ejusmodi
573 1012 643 1036 sunt
658 1006 810 1047 pleraque.
843 1005 914 1042 Sed,
937 1015 1007 1035 cum

115 1049 274 1090 diligenter
295 1048 543 1098 necopinatorum
565 1054 707 1079 naturam
729 1049 906 1086 consideres,
930 1047 1008 1078 nihil

115 1092 199 1123 aliud
213 1091 352 1133 reperias,
376 1091 434 1121 nisi
456 1092 559 1122 omnia
580 1090 674 1122 videri
696 1093 796 1123 subita
817 1093 952 1131 majora3
977 1097 1008 1122 et

114 1135 239 1178 quidem
253 1136 292 1165 ob
307 1134 383 1165 duas
398 1145 520 1165 causas:
544 1135 692 1176 primum,
709 1136 802 1177 quod,
816 1141 931 1177 quanta
946 1135 1006 1165 sint

114 1190 185 1221 quae
206 1178 355 1214 accidunt,
372 1178 579 1208 considerandi·
594 1179 727 1220 spatium
741 1189 802 1209 non
819 1179 926 1209 datur:
952 1178 1004 1209 de-

112 1222 193 1259 inde,
210 1232 280 1252 eum
291 1221 410 1252 videtur
420 1222 579 1262 praecaveri
590 1222 733 1262 potuisse,
749 1222 774 1253 si
788 1222 943 1263 provisum
959 1232 1004 1252 es-

110 1272 166 1301 set,
179 1265 265 1306 quasi
276 1264 366 1306 culpa
377 1270 564 1296 contractum
576 1266 695 1296 malum
706 1265 917 1306 aegritudinem
929 1265 1004 1296 acri-

110 1319 194 1339 orem
210 1307 290 1338 facit.

152 1351 245 1390 Quod
257 1351 299 1381 ita
313 1361 374 1381 esse
388 1350 450 1381 dies
462 1350 612 1388 declarat3
637 1363 706 1393 quae
715 1352 877 1393 procedens
888 1352 930 1382 ita
945 1351 1004 1382 mi-

108 1395 196 1436 tigat,
213 1399 258 1430 ut,
274 1394 380 1424 iisdem
396 1394 484 1424 malis
499 1395 703 1432 manentibus,
724 1405 785 1425 non
800 1395 892 1426 modo
907 1395 1002 1425 lenia-

109 1445 160 1469 tur
174 1437 331 1478 aegritudo,
343 1437 393 1467 sed
402 1437 434 1467 in
449 1438 600 1479 plerisque
614 1439 747 1469 tollatur.
772 1438 1004 1479 Carthaginien-

110 1492 156 1512 ses
169 1480 261 1511 multi
277 1481 386 1511 Romae
407 1481 583 1519 servierunt,
608 1482 803 1519 Macedones,
827 1492 896 1522 rege
911 1482 1003 1512 Perse

109 1530 216 1565 capto:
241 1523 303 1554 vidi
318 1523 408 1554 etiam
422 1523 455 1553 in
467 1524 686 1565 Peloponneso,
702 1535 772 1555 cum
785 1535 879 1556 essem
889 1525 1004 1555 adoles-

109 1577 190 1603 cens,
207 1566 354 1608 quosdam
367 1566 546 1598 Corinthios.
571 1568 617 1598 Hi
630 1574 769 1609 poterant
779 1578 884 1600 omnes
899 1567 1004 1599 eadem

111 1611 166 1641 ina
180 1610 218 1640 de
231 1609 452 1640 Andromacha
464 1610 631 1652 deplorare,

154 1672 178 1689 ‘⁶
194 1670 272 1701 Haec
286 1669 389 1700 omnia
403 1669 487 1701 vidi”
501 1693 566 1702 .....

102 1740 165 1772 Sed
173 1742 239 1781 jam
254 1741 484 1772 decantaverant
492 1740 626 1773 fortasse.
649 1741 698 1772 Eo
709 1741 790 1772 enim
802 1746 888 1772 erant
899 1741 998 1779 vultu,

105 1785 250 1822 oratione,
265 1784 350 1815 omni
365 1784 481 1825 reliquo
495 1791 581 1817 motu
596 1791 626 1817 et
640 1791 732 1824 statu,
749 1791 784 1817 ut
798 1795 847 1817 eos
865 1785 999 1825 Argivos
