1180 1935
162 69 224 101 DE
241 68 350 101 NAT.
368 67 507 100 DEOR.
521 68 600 100 Ian.
619 68 666 100 11.
683 67 768 100 Cm’.
784 69 836 105 37.
881 69 941 106 371

54 157 111 187 hac
133 156 243 187 coelesti
257 166 292 186 ac
312 154 416 186 divina
435 154 538 193 domo,
561 155 613 185 sed
636 155 727 185 etiam
750 161 895 186 rectorem
915 161 945 186 et

54 199 286 236 moderatorem,
299 204 328 229 et
344 204 502 239 tamquam
518 198 727 236 architectum,
744 199 820 229 tanti
836 199 945 239 operis,

53 243 190 284 tantique
205 242 347 273 muneris.

96 285 258 316 XXXVI.
284 285 377 315 Nunc
392 290 493 314 autem
510 283 586 313 mihi
600 283 739 314 videntur
750 294 788 314 ne
800 284 944 325 suspicari

53 329 189 370 quidem,
217 334 332 369 quanta
351 327 390 358 sit
414 327 631 357 admirabilitas
651 327 815 357 coelestium
843 337 944 358 renim

53 377 145 412 atque
160 371 355 402 terrestrium.

98 414 252 455 Principio
268 414 361 450 enim,
378 418 467 450 terra,
490 413 547 443 sita
561 412 592 442 in
608 412 709 443 media
724 418 809 453 parte
824 413 944 450 mundi,

53 457 235 489 circumfusa
260 457 396 497 undique
419 462 463 486 est
489 456 544 486 hac
568 456 726 486 animabili
750 456 946 496 spirabilique

54 501 175 537 natura,
192 500 241 530 cui
260 510 371 531 nomen
395 505 439 529 est
459 502 521 536 aer,
545 499 686 529 Graecum
708 499 786 529 illud
807 499 944 539 quidem,

54 543 106 574 sed
121 549 276 584 receptum
297 544 362 582 jam
385 548 487 573 tamen
510 553 567 572 usu
586 553 605 572 a
622 541 750 577 nostris;
775 541 880 571 tritum
904 548 948 572 est

53 587 134 617 enim
144 596 198 628 pro
209 586 329 617 Latino.
355 585 449 616 Hunc
462 596 564 615 rursus
574 585 787 625 amplectitur*
779 594 946 615 immensus

53 630 157 667 aether,
174 629 227 670 qui
243 635 357 660 constat
373 639 411 659 ex
427 628 580 659 altissimis
594 628 725 668 ignibus.
761 627 947 658 Mutuemur

54 672 111 703 hoc
126 683 248 714 quoque
264 673 402 709 verbum,
418 671 596 711 dicaturque
617 677 680 701 tam
702 672 800 700 (εὔαν
824 670 946 709 Latine,

55 726 150 756 quam
166 715 276 747 dicitur
291 718 362 746 aer.-
386 714 440 746 etsi
455 715 669 755 interpretatur
685 713 858 744 Pacuvius·

100 775 123 792 “
140 774 221 812 Hoc,
238 774 320 816 quod
335 784 482 812 memoro,
499 773 592 804 nostri
607 773 729 810 coelum,
744 772 830 803 Graii
846 772 948 814 perhi-

184 819 257 848 bent
276 817 419 848 aethera.''

56 888 155 927 Quasi
170 899 239 919 vero
255 898 316 918 non
332 887 444 919 Graius
459 887 516 918 hoc
531 887 620 918 dicat.
656 886 702 917 At
719 886 830 917 Latine
847 886 949 928 loqui-

55 938 124 962 tur:
160 931 310 972 siquidem
339 941 405 968 nos,
431 941 491 960 non
516 930 603 971 quasi
629 930 736 961 Graece
758 931 946 971 loquentem,

56 975 226 1005 audiamus.
250 974 349 1005 Docet
364 974 443 1004 idem
461 973 520 1004 alio
535 974 601 1005 loco
615 985 623 1004 ε

100 1035 123 1051 “
140 1033 317 1074 Grajugena
332 1033 369 1063 de
384 1033 440 1063 isto
456 1032 552 1074 aperit
567 1033 633 1073 ipsa
648 1032 777 1063 oratio.”

56 1104 116 1135 Sed
131 1104 170 1134 ad
184 1105 301 1143 majora
315 1103 483 1134 redeamus.
508 1103 560 1134 Ex
576 1104 686 1134 aethere
700 1104 793 1144 igitur
807 1103 949 1134 innume-

54 1148 164 1178 rabiles
173 1148 306 1178 flammae
318 1146 451 1177 siderum
467 1146 615 1177 exsistunt
627 1158 636 1183 ;
661 1157 792 1187 quorum
809 1152 853 1177 est
864 1147 948 1188 prin-

55 1201 124 1231 ceps
145 1191 200 1228 sol,
222 1191 325 1220 omnia
346 1189 510 1220 clarissima
535 1189 602 1220 luce
627 1189 815 1226 collustrans,
840 1190 947 1221 multis

55 1234 193 1274 partibus
208 1235 307 1273 major
321 1239 412 1274 atque
424 1232 565 1273 amplior,
583 1243 676 1274 quam
693 1239 770 1263 terra
784 1233 946 1269 universa;

54 1276 163 1307 deinde
178 1276 295 1317 reliqua
310 1276 406 1306 sidera
417 1275 681 1316 magnitudinibus
696 1276 862 1306 immensis.
886 1278 948 1307 At-

56 1330 116 1361 que
138 1319 171 1350 hi
195 1319 272 1350 tanti
294 1319 390 1360 ignes,
407 1324 532 1360 tamque
550 1319 653 1355 multi,
675 1329 736 1349 non
757 1319 849 1349 modo
871 1319 948 1350 nihil

55 1368 164 1393 nocent
179 1362 276 1398 terris,
293 1364 443 1403 rebusque
459 1362 658 1399 terrestribus,
672 1362 724 1393 sed
745 1362 788 1392 ita
808 1369 947 1403 prosunt,

55 1412 102 1443 ut,
124 1406 149 1436 si
169 1412 253 1436 mota
267 1406 332 1436 loco
348 1406 418 1441 sint,
441 1405 624 1446 conflagrare
639 1412 731 1436 terras
746 1415 864 1436 necesse
879 1406 917 1436 sit
932 1417 950 1436 a

55 1449 147 1480 tantis
168 1448 337 1487 ardoribus,
361 1448 567 1480 moderatione
587 1458 617 1480 et
639 1449 856 1490 temperatione
878 1450 950 1479 sub-

55 1491 127 1522 lata.

100 1534 282 1565 XXXVII.
300 1535 364 1566 Hic
373 1546 428 1576 ego
438 1545 499 1566 non
511 1535 603 1566 mirer
612 1546 674 1566 esse
683 1545 884 1576 quemquam,
895 1535 950 1575 qui

58 1578 115 1608 sibi
130 1577 319 1619 persuadeat
336 1589 460 1620 corpora
481 1579 622 1620 quaedam
644 1578 739 1609 solida
759 1585 850 1618 atque
871 1578 951 1608 indi-

57 1621 150 1651 vidua
164 1621 195 1651 vi
210 1627 240 1652 et
257 1622 404 1662 gravitate
425 1622 507 1660 ferri,
529 1622 744 1663 mundumque
765 1621 841 1652 effici
862 1631 950 1652 orna-

56 1664 210 1695 tissimum
226 1670 256 1695 et
266 1665 508 1706 pulcherrimum
524 1676 561 1696 ex
577 1675 683 1696 eorum
704 1675 864 1706 corporum
880 1674 951 1695 oon-

55 1707 194 1739 cursione
209 1707 362 1740 fortuita?
385 1709 457 1741 Hoc
479 1709 534 1750 qui
552 1708 706 1741 existimat
723 1707 788 1740 fieri
806 1707 951 1750 potussse,
