1226 1935
276 64 338 96 DE
362 64 562 104 FINIBUS,
586 65 664 96 Lm.
680 63 745 95 ΙΙΙ.
769 64 852 96 ΟΑΡ.
874 65 922 96 14.
1006 66 1047 97 19

152 160 244 181 suum
264 151 391 181 modum
411 161 614 193 quaecumque
631 156 802 192 opportuna
817 151 984 188 dicuntur),
1001 151 1044 182 sic

153 199 234 223 recta
248 193 361 224 effectio
380 194 570 234 (κατορθωσιν
585 194 666 224 5111111
687 194 729 223 ita
748 194 879 234 appelle,
899 195 1044 234 quoniam

154 242 232 266 recte
252 236 366 266 factum
388 237 594 276 κατορθωμα);
618 243 697 267 recta
715 237 807 276 igitur
822 237 948 274 effectio,
971 237 1044 267 item

153 279 370 316 convenientia,
386 279 516 320 denique
530 279 632 320 ipsum
647 281 775 316 bonum,
797 280 879 319 quod
895 279 925 309 in
941 290 976 309 eo
990 291 1045 320 po-

152 320 245 351 situm
257 328 312 358 est,
325 328 359 352 ut
371 328 486 353 naturae
497 322 672 360 consentiat,
685 322 835 353 crescendi
847 322 1045 353 accessionem

153 364 272 394 nullam
287 364 387 395 habet.

196 406 241 436 Ut
252 407 333 437 enim
348 407 556 455 opportunitas
570 408 634 444 ina,
651 408 692 440 sic
703 408 778 445 haec,
794 407 832 438 de
844 408 955 449 quibus
967 407 1043 445 dixi,

153 458 214 478 non
236 449 313 480 fiunt
329 450 470 490 temporis
485 450 682 491 productione
696 452 830 490 majora:
855 452 894 481 ob
915 461 1044 492 eamque

153 501 273 522 causam
291 493 398 523 Stoicis
414 503 474 522 non
495 493 613 523 videtur
631 494 802 542 optabilior
810 503 865 524 nec
879 493 977 534 magis
992 504 1044 524 ex-

152 534 281 574 petenda
292 536 379 565 beata
390 536 461 571 vita,
475 535 500 565 si
511 536 548 566 sit
559 537 661 576 longa,
673 547 768 577 quam
780 536 805 566 si
815 536 933 567 brevis.
950 543 1044 567 utun-

153 583 263 618 turque
283 577 393 608 simili:
420 579 464 609 Ut
478 579 503 609 51
517 578 657 609 cothurni
676 579 743 609 laus
762 579 816 611 illa
835 585 921 616 esset,
938 579 977 609 ad
992 590 1045 620 pe-

150 619 222 650 dem
237 626 306 661 apte
317 621 485 658 convenire,
501 631 599 670 neque
614 622 706 651 multi
721 621 860 652 cothurni
871 622 975 663 paucis
990 632 1044 652 an-

152 669 375 703 teponerentur,
399 674 453 695 nec
472 665 601 703 majores
621 665 809 700 minoribus;
834 664 886 701 sic,
911 675 1043 706 quorum

151 715 242 736 omne
261 707 376 737 bonum
394 707 602 737 convenientia
620 713 712 748 atque
732 707 956 748 opportunitate
976 708 1045 738 fini„

152 753 213 785 tur,
236 759 292 779 nec
309 750 397 790 plura
414 750 616 790 paucioribus,
633 760 687 782 1150
701 750 914 792 longinquiora
926 751 1043 782 brevio-

151 791 246 828 ribus,
262 798 492 841 anteponentur.

196 834 262 864 Nec
288 845 357 865 vero
382 836 453 866 satis
478 840 564 865 acute
589 835 713 866 dicunt:
738 835 771 867 Si
796 837 876 867 bona
901 837 1043 867 valetudo

150 877 246 917 pluris
265 877 442 908 aestimanda
463 878 501 908 sit
519 878 621 918 longa,
644 889 737 919 quam
758 878 867 916 brevis,
889 880 1043 920 sapientiae

152 930 274 961 quoque
288 931 361 950 usus
379 921 573 961 longissimus
592 921 721 962 quisque
741 921 779 951 sit
799 922 934 961 plurimi.
967 923 1041 953 Non

150 962 335 1003 intelligunt,
352 963 532 994 valetudinis
544 964 774 994 aestimationem
786 964 882 1005 spatio
891 964 1040 1004 judicari;

151 1005 280 1042 virtutis,
304 1006 547 1047 opportunitate:
573 1013 608 1037 ut
627 1006 796 1045 videantur,
820 1008 874 1048 qui
897 1008 975 1038 illud
996 1008 1042 1038 di-

148 1054 229 1085 cant,
253 1048 343 1079 iidem
359 1049 416 1079 hoc
431 1060 493 1080 esse
512 1049 632 1086 dicturi,
653 1051 766 1081 bonam
785 1056 927 1089 mortem,
944 1056 974 1081 et
988 1052 1042 1081 bo-

150 1100 226 1122 num
246 1097 380 1132 partum,
396 1093 551 1123 meliorem
565 1093 693 1133 longum
709 1103 782 1130 esse,
798 1103 892 1133 quam
907 1095 1041 1124 brevem.

150 1134 225 1164 Non
245 1134 358 1173 vident,
375 1135 434 1167 alia
454 1135 600 1166 brevitate
618 1136 715 1177 pluris
730 1136 882 1175 aestimari,
899 1136 959 1167 alia
973 1136 1042 1168 diu-

149 1177 302 1208 turnitate.

193 1220 302 1260 Itaque
321 1227 554 1252 consentaneum
570 1228 613 1253 est
631 1222 690 1259 his,
710 1233 779 1263 quae
799 1222 878 1253 dicta
893 1229 975 1260 sunt,
992 1234 1041 1253 ra-

148 1262 230 1293 tione
251 1263 385 1301 illorum,
407 1265 461 1305 qui
481 1265 570 1295 inum
590 1267 738 1296 bonorum
760 1265 864 1302 finem,
882 1266 965 1307 quod
985 1277 1039 1307 ap-

149 1306 298 1346 pellamus
314 1313 495 1345 extremum,
512 1308 594 1349 quod
610 1308 766 1343 ultimum,
789 1319 916 1339 crescere
931 1315 1040 1349 putent

149 1358 247 1388 posse,
269 1349 376 1379 iisdem
390 1350 518 1390 placere,
542 1361 604 1381 esse
624 1351 720 1383 51111111
740 1351 799 1381 alio
815 1352 906 1382 etiam
921 1352 1040 1392 sapien-

150 1391 268 1429 11015111,
290 1392 425 1433 itemque
449 1394 545 1423 alium
571 1394 668 1434 magis
691 1394 751 1424 alio
777 1394 825 1424 vel
847 1405 968 1443 peccare
990 1395 1039 1426 vel

150 1440 228 1464 recte
250 1434 365 1465 facere:
389 1437 472 1476 quod
491 1437 577 1467 nobis
597 1447 659 1467 non
679 1437 748 1467 licet
762 1437 870 1474 dicere,
894 1438 948 1478 qui
962 1448 1039 1468 cres-

148 1487 215 1507 cere
228 1478 378 1508 bonorum
392 1478 485 1509 finem
500 1489 561 1509 non
576 1486 729 1520 putamus.
763 1481 807 1511 Ut
821 1480 903 1510 5111111
918 1480 972 1521 qui
987 1481 1039 1511 de-

150 1520 240 1549 mersi
251 1527 322 1551 sunt
332 1521 364 1551 in
379 1532 470 1563 aqua,
483 1522 578 1552 nihilo
590 1522 687 1563 magis
702 1523 846 1563 respirare
860 1529 997 1564 possunt,
1014 1524 1039 1554 si

151 1572 212 1592 non
230 1563 321 1604 longe
339 1565 449 1595 absunt
468 1576 487 1595 a
506 1575 638 1604 summo,
659 1572 695 1596 ut
706 1567 772 1605 jam
784 1566 910 1607 jamque
924 1566 1039 1606 possint

149 1615 312 1645 emergere,
334 1618 428 1647 quam
449 1608 474 1638 si
494 1608 584 1638 etiam
604 1615 671 1639 tum
695 1615 791 1639 essent
811 1608 842 1638 in
863 1609 1035 1649 profundo·
1026 1632 1036 1645 ,

152 1658 205 1678 nec
216 1649 332 1679 catulus
343 1650 405 1685 ille,
420 1651 475 1692 qui
484 1652 548 1690 jam
560 1652 785 1692 appropinquat
796 1658 830 1682 ut
841 1652 951 1700 videat,
968 1652 1038 1692 plus

148 1690 254 1729 cernit,
279 1702 372 1733 quam
395 1693 420 1725 15
440 1694 494 1735 qui
513 1695 604 1727 modo
624 1701 668 1727 est
687 1701 796 1733 natus;
819 1695 872 1734 ita,
894 1695 948 1737 qui
968 1705 1038 1737 pro-
