1180 1935
152 59 213 90 414
245 56 306 88 DE
324 56 431 88 NAT.
447 55 584 88 DEOR.
608 55 686 87 Lm.
704 55 770 87 111.
792 55 874 87 CAP.
894 56 942 91 17.

154 149 219 175 tam
244 149 395 174 amentem
419 153 481 174 esse
503 149 603 184 putas,
622 143 676 184 qui
697 142 785 179 fflud,
807 152 868 182 quo
887 147 1032 178 vescatur,

153 186 256 217 Deum
272 187 372 217 credat
387 197 448 216 esse
461 187 474 217 ἱ)
498 187 582 216 Nam
598 196 673 226 quos
688 187 725 216 ab
740 185 913 215 hominibus
929 194 1032 224 perve-

152 230 230 260 nisse
252 229 324 259 dicis
344 229 382 259 ad
398 229 491 266 Deos,
507 235 541 258 tu
557 228 646 259 redde
661 229 819 264 rationem,
836 227 1033 268 quemadmo-

153 272 229 302 dum
238 272 319 302 idem
335 271 398 301 fieri
413 272 554 313 potuerit,
567 277 620 301 aut
634 282 687 301 cur
702 271 765 301 fieri
775 270 893 300 desierit
905 281 914 305 ς
939 275 967 299 et
979 280 1034 309 ego

153 314 266 345 discam
287 315 423 345 libenter.
456 314 618 352 Quomodo
644 324 724 344 nunc
751 313 873 354 quidem
894 319 948 347 est„
973 321 1033 342 non

154 357 252 395 video,
268 368 329 398 quo
349 364 436 398 pacto
456 358 518 395 ille,
541 357 589 387 cui
613 358 635 374 ‘²
648 357 680 386 in
701 363 803 386 monte
825 357 924 385 OEtaeo
944 355 1035 385 illatae

154 400 308 441 lampades
324 400 469 437 fuerint‚‘'
482 405 516 429 ut
531 400 572 429 ait
586 400 711 435 Accius,
729 402 751 417 ‘ss
765 399 797 428 in
811 398 936 428 domum
953 404 1037 427 aeter-

155 452 227 472 nam
243 443 355 483 patris”
372 453 409 473 ex
424 443 476 472 illo
492 442 596 472 ardore
611 442 798 482 pervenerit:
823 451 914 481 quem
935 446 1035 470 tamen

157 485 311 516 Homerus
341 485 491 516 conveniri
518 485 599 525 apud
622 485 732 515 inferos
761 484 833 514 facit
859 485 897 514 ab
915 483 1036 523 Ulysse,

157 528 234 558 sicut
248 534 379 565 caeteros,
396 528 448 568 qui
464 533 648 558 excesserant
662 527 733 557 vita.

200 571 411 611 Quamquam,
438 581 529 611 quem
555 570 746 611 potissimum
769 569 933 599 Herculem
959 568 1038 598 cola-

157 623 238 650 mus,
256 613 329 643 scire
344 623 413 643 sane
428 613 537 643 velim:
561 614 662 653 plures
672 612 753 642 enim
768 611 890 641 tradunt
905 611 990 641 nobis
1004 611 1037 649 ii,

158 656 211 698 qui
226 656 379 686 interiores
395 662 563 686 scrutantur
582 661 610 685 et
628 655 792 685 reconditas
810 654 929 684 literas:
962 654 1040 684 anti-

157 698 350 739 quissimum,
363 698 441 729 Jove
451 705 568 735 natum,
580 698 630 728 sed
640 697 847 738 antiquissimo
856 697 928 727 item
938 696 1017 726 Jove
1028 707 1038 731 ;

159 751 229 771 nam
246 741 268 771 J
271 752 339 771 oves
354 752 475 782 quoque
489 742 589 781 plures
604 741 636 770 in
655 740 758 781 priscis
779 741 954 770 Graecorum
973 739 1040 769 lite-

157 785 200 814 ris
214 784 393 814 invenimus.
417 784 467 814 Ex
482 794 517 814 eo
532 784 624 824 igitur
633 790 662 813 et
677 783 782 824 Lisyto
792 789 835 812 est
846 783 870 813 is
881 782 1039 820 Hercules,

159 837 252 868 quem
267 827 478 857 concertavisse
492 837 562 857 cum
578 827 725 867 Apolline
745 825 782 855 de
796 825 911 866 tripode
926 825 1040 865 accepi-

160 879 238 900 mus.
276 870 366 899 Alter
384 870 511 899 traditur
532 870 606 899 Nilo
626 876 726 905 natus,
750 868 925 908 AEgyptius‚
948 877 1040 908 quem

160 913 247 943 aiunt
268 912 415 953 Phrygias
432 913 532 943 literas
552 912 765 952 conscripsisse.
797 911 918 941 Tertius
937 916 981 940 est
1003 921 1040 940 ex

161 955 251 985 Idaeis
267 955 390 995 Digffis,
414 956 462 985 cui
487 955 607 985 inferias
634 954 804 994 [afferunt]
843 954 978 991 Quartus
998 959 1042 982 est

160 998 183 1028 J
187 998 249 1028 ovis
264 1004 293 1028 et
308 998 447 1035 Asteria),
464 998 591 1028 Latonae
605 998 722 1035 sororis,
739 996 792 1037 qui
811 996 887 1037 Tyri
908 996 1042 1026 maxime

161 1041 290 1077 colitur;
314 1042 399 1079 cujus
415 1041 630 1081 Carthaginem
652 1040 745 1070 filiam
761 1039 869 1069 ferunt.
907 1038 1043 1075 Quintus

161 1083 192 1113 in
210 1083 310 1120 India,
327 1084 380 1124 qui
394 1084 488 1113 Belus
503 1083 620 1114 dicitur.
655 1083 764 1113 Sextus
780 1082 828 1112 hie
844 1093 880 1112 ex
895 1081 1043 1111 Alcume-

162 1126 213 1164 na,
230 1137 321 1167 quem
336 1127 459 1167 Jupiter
473 1127 588 1166 genuit,
605 1126 656 1156 sed
671 1126 775 1156 tertius
793 1125 814 1154 J
818 1125 935 1165 upiter;
969 1134 1044 1164 quo-

162 1169 255 1205 niam,
268 1175 302 1199 ut
314 1170 378 1209 jam
390 1169 512 1207 docebo,
528 1170 628 1209 plures
640 1169 662 1198 J
665 1179 733 1198 oves
748 1168 839 1198 etiam
854 1167 1033 1207 accepimus.

205 1211 317 1242 XVII.
341 1212 473 1250 Quando
489 1212 569 1241 enim
585 1222 633 1241 me
648 1211 679 1241 in
702 1212 783 1241 hunc
798 1211 898 1240 locum
919 1209 1044 1239 deduxit

162 1254 267 1292 oratio,
283 1254 405 1293 docebo,
421 1255 545 1285 meliora
560 1265 609 1284 me
624 1254 759 1284 didicisse
774 1253 811 1283 de
826 1252 955 1283 colendis
976 1252 1044 1282 Diis

161 1297 384 1328 immortalibus
397 1299 464 1337 jure
486 1297 649 1338 pontificio,
667 1302 695 1327 et
715 1297 866 1335 majorum
887 1305 980 1332 more,
997 1305 1045 1325 ca-

163 1340 351 1380 pedunculis,
368 1351 442 1381 quas
459 1341 565 1370 Numa
579 1340 664 1370 nobis
679 1339 811 1380 reliquit,
829 1339 879 1372 (de
891 1338 1001 1379 quibus
1012 1338 1044 1368 in

164 1383 218 1412 ilra
232 1383 352 1413 aureola
367 1383 555 1413 oratiuncula
574 1383 646 1413 dicit
668 1382 794 1419 Laelius)
814 1392 907 1422 quam
925 1381 1048 1411 rationi-

165 1426 222 1456 bus
234 1426 412 1456 Stoi'corum.
444 1426 477 1457 Si
492 1426 572 1456 enim
588 1436 639 1456 vos
655 1436 773 1466 sequar,
790 1425 848 1462 dic,
865 1424 939 1465 quid
957 1423 983 1453 ei
999 1434 1045 1453 re-

165 1468 340 1508 spondeam,
367 1469 420 1509 qui
443 1479 492 1499 me
513 1469 553 1499 sic
574 1474 677 1509 roget;
711 1468 744 1498 Si
765 1467 819 1497 Dii
837 1474 918 1505 sunt,
938 1472 1047 1497 suntne

167 1511 258 1541 etiam
273 1512 303 1541 N
307 1512 429 1552 ymphae
443 1511 518 1542 Deae
529 1514 543 1542 Ρ
573 1512 597 1542 si
619 1511 785 1552 Nymphae,
808 1509 927 1540 Panisci
944 1509 1046 1545 etiam,
1067 1508 1070 1510 ’

168 1559 197 1583 et
206 1554 327 1594 Satyri?
352 1554 396 1584 Hi
406 1561 507 1584 autem
520 1565 580 1585 non
591 1560 678 1585 sunt:
703 1564 741 1584 ne
753 1554 783 1583 N
787 1553 909 1593 ymphae
924 1552 1046 1593 quidem

168 1595 244 1626 Deae
259 1597 359 1636 igitur.
396 1597 443 1628 At
457 1608 559 1628 earum
575 1597 690 1637 templa
704 1602 774 1626 sunt
787 1595 908 1636 publice
930 1600 998 1625 vota
1018 1600 1047 1624 et

169 1638 311 1670 dedicata.
343 1640 429 1678 Quid
444 1640 535 1681 igitur
549 1642 562 1670 ἓ
586 1650 624 1670 ne
638 1639 734 1670 caeteri
749 1638 873 1680 quidem
892 1647 961 1678 ergo
982 1636 1048 1672 Dii,

170 1692 299 1721 quorum
316 1684 428 1724 templa
442 1689 512 1713 sunt
527 1683 670 1713 dedicata.
695 1682 766 1722 Age
780 1692 880 1722 porro,
895 1681 916 1711 J
920 1690 1004 1710 ovem
1020 1686 1050 1709 ct

171 1724 353 1766 Neptunum
368 1726 472 1758 Deum
487 1736 636 1759 numeras.
661 1725 744 1766 Ergo
759 1725 850 1756 etiam
865 1723 975 1765 Orcu57
991 1721 1051 1754 fra-
