1226 1935
250 43 311 74 DE
335 43 533 83 FINIBUS,
557 43 636 75 Lm.
654 43 715 75 IV.
738 42 822 74 CAP.
840 43 891 73 24.
973 42 1014 77 57

127 127 209 158 enim
224 129 276 159 ille
290 130 426 171 respirat,
443 135 512 160 ante
523 140 617 171 quam
629 129 768 165 emersit3
786 134 815 158 et
826 127 918 159 catuli
931 137 1017 168 aeque

127 171 197 201 caeci
216 172 394 213 priusquam
414 173 620 214 dispexerunt,
643 183 677 202 ac
691 172 716 202 si
731 172 773 202 ita
787 171 883 201 futuri
899 180 1017 210 semper

128 220 234 244 essent.
269 215 330 245 Illa
353 222 424 246 sunt
447 216 575 246 similia:
600 215 691 245 hebes
715 215 792 245 acies
816 219 859 244 est
882 213 1014 253 cuipiam

127 257 305 288 oculorum:
339 269 459 300 corpore
482 258 560 288 alius
584 258 770 298 languescit:
795 257 838 294 hi,
863 255 1017 286 curatione

127 299 274 337 adhibita,
290 301 429 331 levantur
444 301 474 331 in
490 301 571 331 dies:
592 301 668 331 alter
682 301 761 330 valet
776 300 844 340 plus
859 298 994 340 quotidie
1005 309 1014 327 :

126 342 202 372 alter
225 343 315 374 videt.
354 344 399 374 Hi
423 344 535 374 similes
558 350 629 374 sunt
652 344 806 380 omnibus,
834 342 887 383 qui
912 340 1017 371 virtuti

125 384 266 421 student;
297 387 436 417 levantur
466 387 556 424 vitiis,
587 387 726 417 levantur
756 385 924 416 erroribus:
956 383 1015 413 nisi

124 426 202 458 forte
224 439 324 459 censes
347 430 399 460 Ti.
425 430 598 460 Gracchum
624 435 740 470 patrem
767 438 827 458 non
852 427 1016 458 beatiorem

123 469 226 508 fuisse,
243 482 336 512 quam
349 473 459 510 filium,
476 483 546 502 cum
558 473 633 503 alter
648 472 779 502 stabilire
795 469 1015 511 rempublicam

123 513 283 551 studuerit,
296 516 370 545 alter
381 522 520 546 evertere.
546 516 612 546 Nec
624 522 725 545 tamen
738 515 789 544 ille
801 520 864 544 erat
875 513 992 554 sapiens
1004 523 1014 542 :

124 556 192 595 quis
207 557 288 588 enim
309 559 390 589 hoc?
414 565 467 589 aut
487 559 609 599 quando
621 560 635 589 Ρ
658 564 711 588 aut
731 558 784 588 ubi
796 559 810 588 ἓ
834 562 886 587 aut
906 555 1014 586 unde?

124 599 186 635 sed,
208 601 281 640 quia
298 602 438 632 studebat
449 601 533 631 laudi
547 607 576 632 et
591 601 742 642 dignitati,
758 600 893 630 multum
908 599 939 629 in
956 598 1015 629 vir-

124 647 188 672 tute
199 651 388 683 processerat.
412 644 574 675 Conferam
587 651 688 675 autem
704 654 794 674 avum
811 649 912 679 tuum,
929 641 1015 672 Dm-

124 695 205 722 sum,
231 697 302 717 cum
328 687 363 717 C.
381 687 518 718 Graccho
542 688 607 726 ejus
628 687 689 717 fere
709 686 828 727 aequali.
861 685 941 723 Quae
964 684 1014 715 hic

123 727 296 768 reipublicae
320 731 446 760 vulnera
467 730 653 771 imponebat,
675 730 780 760 eadem
803 729 854 759 ine
878 729 1012 758 sanabat.

123 771 182 800 Sed
194 772 271 802 nihil
283 779 337 810 est,
350 773 433 813 quod
445 779 507 803 tam
520 773 643 803 miseros
654 773 755 810 faciat,
769 782 862 813 quam
874 771 1015 812 impietas

121 819 151 843 et
166 815 270 845 scelus.
295 816 339 846 Ut
351 817 417 855 jam
432 826 537 846 omnes
548 816 721 856 insipientes
733 815 792 845 sint
803 814 905 844 miseri
917 813 1013 854 (quod

121 857 254 896 profecto
269 865 365 897 sunt),
381 869 441 889 non
457 866 501 889 est
512 865 614 889 tamen
631 869 716 899 aeque
730 858 831 893 miser,
845 857 897 898 qui
909 857 1015 898 patriae

121 901 261 938 consulit,
287 908 316 932 et
336 902 361 932 is
381 902 435 943 qui
454 902 539 931 illam
559 901 738 932 exstinctam
760 900 851 941 cupit.
886 900 1013 929 Levatio

121 942 214 982 igitur
230 944 372 974 vitiorum
387 955 499 985 magna
515 945 548 974 fit
559 945 607 984 iis,
623 944 677 986 qui
692 945 805 974 habent
819 942 858 973 ad
870 943 1012 973 virtutem

121 987 335 1026 progressionis
349 988 552 1029 aliquantum.

175 1029 276 1060 Vestri
304 1037 407 1061 autem
436 1031 674 1071 progressionem
703 1029 742 1060 ad
772 1029 916 1060 virtutem
945 1028 1011 1059 fieri

120 1071 227 1109 aiunt;
243 1073 424 1104 levationem
434 1074 577 1104 vitiorum
589 1073 653 1103 fieri
668 1079 788 1114 negant.
812 1073 868 1109 At,
886 1082 947 1113 quo
962 1072 1010 1101 ni-

122 1119 224 1145 tantur
251 1116 389 1146 homines
421 1116 501 1147 acuti
529 1122 708 1157 argumento
738 1116 777 1145 ad
806 1115 1010 1156 probandum,

121 1167 219 1198 operae
233 1159 365 1199 pretium
381 1165 424 1189 est
438 1159 632 1190 considerare.
667 1159 820 1196 Quarum,
836 1158 947 1199 inquit,
964 1168 1012 1187 ar-

122 1201 202 1230 tium
217 1212 338 1231 summa
352 1212 480 1232 crescere
494 1208 602 1242 potest,
622 1211 727 1232 earum
744 1201 834 1231 etiam
850 1201 1013 1232 contraria-

122 1254 192 1273 rum
213 1255 333 1275 summa
347 1245 457 1285 poterit
471 1245 595 1285 augeri:
619 1244 658 1274 ad
673 1245 792 1274 virtutis
808 1251 911 1274 autem
927 1254 1012 1273 sum-

122 1296 207 1316 mam
227 1288 365 1318 accedere
384 1287 461 1317 nihil
483 1293 600 1328 potest:
625 1297 662 1317 ne
682 1287 754 1317 vitia
775 1287 898 1328 quidem
919 1287 1012 1327 igitur

123 1339 252 1360 crescere
285 1336 438 1371 poterunt,
477 1341 546 1372 quae
577 1336 648 1360 sunt
676 1330 824 1360 virtutum
854 1330 1011 1360 contraria.

125 1372 238 1403 Utrum
250 1373 342 1414 igitur
354 1373 476 1403 tandem
492 1373 656 1414 perspicuis
667 1373 760 1403 dubia
771 1373 958 1414 aperiuntur,
972 1383 1011 1402 an

124 1415 224 1446 dubiis
244 1416 400 1457 perspicua
420 1417 595 1446 tolluntur?
618 1416 718 1456 Atqui
738 1416 795 1446 hoc
816 1416 1011 1456 perspicuum

125 1464 180 1495 est,
197 1459 269 1489 vitia
282 1460 342 1489 alia
356 1459 388 1489 in
403 1459 468 1490 aliis
484 1470 547 1490 esse
561 1460 697 1498 majora:
722 1458 799 1488 illud
814 1459 955 1494 dubium,
972 1458 1012 1488 ad

123 1500 166 1537 id,
189 1501 271 1542 quod
292 1513 449 1532 siunmum
471 1504 587 1533 bonum
610 1501 718 1536 dicitis,
742 1512 917 1542 ecquaenam
946 1501 1011 1531 fieri

124 1545 217 1583 possit
241 1546 375 1575 accessio.
409 1545 474 1575 Vos
498 1551 611 1582 autem,
636 1554 706 1574 cum
730 1545 894 1585 perspicuis
918 1544 1012 1574 dubia

124 1586 256 1617 debeatis
271 1588 430 1626 illustrare,
446 1588 546 1618 dubiis
561 1587 718 1630 perspicua
733 1588 884 1617 conamini
896 1588 1010 1617 tollere.

168 1630 277 1670 Itaque
292 1631 397 1661 eadem
412 1631 537 1669 ratione,
554 1630 617 1672 qua
636 1640 705 1660 sum
722 1631 815 1671 paulo
834 1637 904 1661 ante
925 1641 1009 1667 usus,

124 1673 284 1703 haerebitis.
317 1674 350 1705 Si
370 1674 451 1704 enim
466 1679 623 1714 propterea
638 1673 710 1703 vitia
730 1673 789 1703 alia
809 1673 875 1703 aliis
894 1674 1011 1712 majora

124 1726 185 1748 non
206 1722 288 1756 sunt,
309 1717 381 1759 quia
395 1727 434 1748 ne
448 1717 487 1748 ad
501 1717 593 1748 finem
609 1716 734 1758 quidem
754 1717 905 1747 bonorum
926 1725 1008 1753 eum,
