1226 1935
245 52 307 84 DE
332 52 439 83 NAT.
463 52 600 84 DEOR.
626 53 704 84 11111.
721 54 746 84 Ι.
769 54 852 85 CM».
869 53 918 90 17.
964 54 1027 84 30ss

138 138 214 169 libro
237 138 275 169 de
299 138 420 169 Natura
444 139 602 169 Deorum:
627 139 658 169 in
682 139 813 170 secundo
837 145 939 170 autem
961 139 1028 170 vult

139 181 268 222 Orphei,
296 181 419 218 Musaei,
449 182 587 219 Hesiodi,
615 182 806 223 Homerique
829 183 955 213 fabellas
979 193 1029 212 ac-

139 224 329 254 commodare
345 224 382 254 ad
398 235 443 261 ea,
460 235 529 265 quae
544 225 607 266 ipse
626 225 725 265 primo
740 226 817 255 libro
835 225 873 255 de
888 225 956 255 Diis
971 225 1030 254 im-

140 267 318 297 mortalibus
342 267 471 302 dixerim
496 274 531 298 ut
554 268 644 298 etiam
666 268 818 298 veterrimi
842 268 950 308 poe'tae,
976 267 1030 308 qui

142 309 207 339 haec
230 319 268 340 ne
292 310 432 350 suspicati
455 311 578 351 quidem
599 311 669 348 sint,
692 311 784 341 Stoici
799 311 891 341 fuisse
906 310 1030 340 videan-

144 358 203 382 tur.
238 354 341 390 Quem
358 353 510 393 Diogenes
531 353 721 394 Babylonius
739 363 922 394 consequens
942 353 974 382 in
996 363 1031 383 eo

144 395 232 433 libro,
248 396 301 436 qui
317 396 488 426 inscribitur
504 396 540 426 de
556 396 711 433 Minerva,
730 403 853 437 partum
868 396 890 426 J
893 396 967 433 ovis,
985 406 1033 426 or-

144 443 272 478 tumque
288 439 422 478 virginis,
439 439 477 469 ad
492 439 713 480 physiologiam
731 440 900 478 traducens,
917 439 1035 479 disjun-

144 481 189 521 git
204 491 222 510 a
236 481 350 511 fabula.

188 523 283 554 XVI.
307 524 447 565 Exposui
468 525 538 563 fere,
558 535 619 556 non
639 525 889 566 philosophorum
907 523 1034 564 judicia,

144 566 196 596 sed
212 566 405 597 delirantium
421 569 546 598 somnia.
572 568 638 598 Nec
651 569 731 598 enim
746 569 845 598 multo
860 567 1037 598 absurdiora

147 616 218 640 sunt
233 620 277 647 ea,
295 621 374 651 quae,
391 614 549 651 po'e'tarum
566 611 689 642 vocibus
704 612 783 650 fusa,
804 611 870 652 ipsa
889 611 1036 641 suavitate

146 659 334 689 nocuerunt3
358 654 412 694 qui
427 660 457 683 et
471 654 516 684 ira
527 654 731 685 inflammatos
747 660 776 684 et
790 654 916 684 libidine
930 653 1035 683 furen-

147 700 190 725 tes
214 695 401 726 induxerunt
422 696 523 733 Deos3
549 697 755 738 feceruntque,
772 703 807 727 ut
823 707 928 727 eorum
942 696 1035 734 bella,

147 748 277 778 pugnas,
294 740 410 780 proelia,
427 740 563 777 vulnera,
580 740 771 777 videremus;
795 740 865 770 odia
881 745 1036 780 praeterea,

146 781 280 819 dissidia,
296 782 468 819 discordias,
482 789 575 819 ortus,
592 782 742 821 interitus,
759 783 908 823 querelas,
920 783 1039 812 lamen-

146 824 285 862 tationes,
316 825 425 855 effusas
454 825 486 854 in
513 826 597 855 omni
626 825 860 866 intemperantia
884 825 1037 863 libidines,

147 866 305 905 adulteria,
322 868 454 905 vincula,
471 878 541 898 cum
561 868 698 898 humano
718 878 826 909 genere
847 868 1037 906 concubitus,

147 911 349 951 mortalesque
369 921 407 941 ex
429 911 595 941 immortali
616 917 794 952 procreatos.
827 912 908 942 Cum
931 914 1036 951 po'e'ta-

147 962 218 982 rum
240 959 341 983 autem
364 964 461 984 errore
483 955 665 994 conjungere
687 954 756 985 licet
774 959 914 995 portenta
933 963 1039 994 mago-

148 1005 230 1033 rum,
247 996 549 1037 AEgyptiormnque
542 1007 573 1027 m
589 997 693 1027 eodem
709 1007 817 1038 genere
832 997 1036 1027 dementiam·
1026 1019 1037 1032 ,

150 1043 217 1068 tum
233 1039 323 1069 etiam
345 1040 429 1080 vulgi
449 1040 616 1088 opiniones,
638 1051 707 1081 quae
726 1040 758 1070 in
778 1040 917 1070 maxima.
936 1039 1041 1070 incon-

150 1082 271 1120 stantia,
288 1083 419 1112 veritatis
435 1083 633 1123 ignoratione,
650 1090 816 1114 versantur.

193 1124 254 1162 Ea,
281 1126 335 1166 qui
358 1126 534 1164 consideret,
560 1137 654 1167 quam
679 1127 847 1157 inconsulte
870 1136 906 1157 ac
928 1131 1042 1156 temere

151 1167 300 1206 dicantur,
323 1169 457 1199 venerari
472 1169 655 1210 Epicurum,
678 1175 706 1200 et
727 1169 759 1200 in
780 1180 885 1200 eorum
905 1169 1043 1210 ipsorum

152 1220 290 1248 numero,
307 1211 344 1241 de
365 1212 476 1252 quibus
491 1212 555 1242 haec
575 1212 701 1253 quaestio
722 1219 776 1250 est,
798 1213 909 1243 habere
925 1212 1042 1242 debeat.

153 1254 242 1284 Solus
258 1254 338 1284 enim
360 1255 446 1290 vidit,
463 1255 610 1303 primum,
634 1266 695 1285 esse
711 1255 805 1293 Deos,
822 1255 911 1304 quod.
924 1255 956 1285 in
977 1265 1045 1285 om-

153 1296 240 1326 nium
256 1297 365 1327 animis
386 1308 490 1327 eorum
510 1298 663 1328 notionem
685 1298 882 1339 impressisset
903 1299 969 1339 ipsa
988 1308 1044 1328 na-

153 1344 230 1370 tura.
254 1340 334 1377 Quae
350 1346 393 1370 est
408 1341 489 1370 enim
504 1351 589 1381 gens,
602 1347 656 1371 aut
667 1342 749 1382 quod
760 1352 855 1383 genus
866 1341 1041 1379 hominum,

153 1382 236 1422 quod
245 1393 305 1412 non
316 1383 436 1420 habeat,
448 1384 511 1414 sine
521 1384 666 1422 doctrina,
679 1384 924 1426 anticipationem
935 1394 1045 1425 quam-

153 1425 224 1456 dam
240 1425 398 1456 Deorum.
389 1426 403 1443 '’
427 1437 519 1467 quam
532 1427 665 1468 appellat
676 1429 821 1465 προληψιν
834 1427 998 1468 Epicurus,
1012 1426 1044 1456 id

153 1473 207 1505 est,
225 1474 412 1510 anteceptam
428 1469 529 1500 animo
544 1470 587 1500 rei
602 1470 768 1511 quamdam
783 1470 1041 1507 informationem,

154 1510 217 1542 sine
232 1522 293 1552 qua
308 1522 362 1542 nec
376 1512 506 1553 intelligi
521 1513 702 1561 quidquam,
719 1523 773 1544 nec
788 1513 895 1554 quaeri,
912 1523 966 1543 nec
981 1512 1043 1542 dis-

154 1554 266 1594 putari,
277 1560 384 1594 potest.
408 1556 506 1594 Cujus
516 1556 637 1586 rationis
649 1556 711 1586 vim
723 1562 814 1597 atque
826 1556 988 1586 utilitatem
1001 1565 1040 1585 ex

154 1596 206 1626 illo
221 1597 331 1627 coelesti
345 1598 483 1639 Epicuri,
500 1598 537 1629 de
553 1599 675 1639 Regula
691 1605 720 1629 et
734 1599 756 1629 J
760 1599 870 1638 udiclo,
887 1598 1044 1629 volumine

153 1639 333 1680 accepimus.

197 1682 310 1713 XVII.
334 1683 428 1721 Quod
456 1684 549 1724 igitur
572 1684 810 1715 fundamentum
839 1684 933 1724 hujus
958 1693 1045 1732 quae-

153 1724 257 1757 stiouis
273 1731 328 1765 est,
343 1726 376 1757 id
396 1727 538 1768 praeclare
558 1727 677 1767 jactum
698 1727 814 1759 videtis.
847 1728 930 1760 Cum
951 1726 1045 1767 enim,
