1226 1935
185 56 229 86 32
324 55 386 88 DE
410 56 607 97 FINIBUS,
625 57 704 88 LIB.
721 56 781 89 IV.
798 56 882 88 CAP.
898 57 930 87 2.

231 141 318 173 Turn
336 153 402 183 ego,
427 143 511 180 Non,
534 143 716 181 mehercule,
740 143 820 174 soleo
837 149 949 173 temere
971 146 1075 172 contra

189 184 324 220 Sto'icos;
349 196 409 216 non
425 197 485 226 quo
501 186 559 215 illis
575 186 740 216 admodum
761 187 921 216 assentiar:
947 185 997 215 sed
1018 195 1075 225 pu-

190 227 261 257 dore
277 228 443 268 impedior;
468 230 509 259 ita
520 229 618 258 multa
627 229 742 265 dicunt,
754 240 821 269 quae
835 229 885 258 vix
895 227 1075 267 intelligam.

192 269 341 307 Obscura,
358 271 469 312 inquit,
486 272 625 312 quaedam
642 282 703 302 esse
718 272 880 302 confiteor:
906 281 960 301 nec
975 277 1077 300 tamen

190 314 229 342 ab
245 313 304 343 illis
319 314 361 344 ita
375 314 516 344 dicuntur
532 315 568 344 de
590 314 739 345 industria
752 326 760 350 3
786 314 836 344 sed
851 314 927 344 inest
942 313 973 342 in
989 314 1078 343 rebus

191 355 263 396 ipsis
289 357 461 387 obscuritas.
497 357 561 387 Cur
583 357 686 397 igitur,
717 357 835 387 easdem
860 367 915 393 res,
939 356 1078 396 inquam,

193 398 399 439 Peripateticis
423 400 601 436 dicentibus,
626 402 751 430 verbum
776 400 897 429 nullum
919 405 972 435 est,
998 397 1081 438 quod

193 450 254 471 non
265 442 476 483 intelligatur?
501 443 673 473 Easdemne
685 445 755 473 res?
772 442 890 482 inquit:
915 451 953 471 an
970 450 1079 482 parum

193 483 330 523 disserui,
348 495 407 515 non
424 485 522 515 verbis
542 486 657 515 Stoicos
672 496 690 515 a
706 484 922 525 Peripateticis,
941 484 991 514 sed
1012 483 1082 513 uni-

194 527 279 557 versa
294 538 335 564 re,
350 534 378 558 et
388 528 450 558 tota
460 528 617 565 sententia,
629 528 769 558 dissidere
781 530 794 558 ἓ
818 527 929 567 Atqui,
942 527 1081 566 inquam,

197 569 284 606 Cato,
307 570 331 600 si
347 570 427 600 istud
442 571 617 607 obtinueris,
637 570 774 601 traducas
792 580 842 600 me
863 569 900 599 ad
922 575 950 599 te
971 575 1082 606 totum,

196 612 306 643 licebit.
342 613 494 643 Putabam
511 613 651 654 equidem
664 613 745 650 satis,
762 612 872 652 inquit,
885 622 934 641 me
950 611 1059 641 dixisse
1074 622 1082 641 ι

198 666 291 696 quare
306 655 344 685 ad
365 667 399 686 ea
414 656 560 697 primum,
577 656 601 685 si
617 656 743 687 videtur.
775 655 827 685 Sin
844 654 927 684 aliud
943 654 1017 695 quid
1033 664 1085 684 vo-

197 698 252 734 les,
274 705 386 738 postea.
423 699 535 735 Immo,
552 698 608 728 isto
629 698 763 739 quidem,
781 698 918 738 inquam,
935 697 1011 733 loeo,
1028 696 1086 726 nisi

199 741 340 781 iniquum
357 742 486 781 postulo,
500 741 645 782 responde
661 741 805 770 arbitratu
818 751 895 770 meo.
919 740 964 769 Ut
976 739 1084 780 placet,

198 783 318 824 inquit:
344 785 398 814 etsi
417 785 498 814 enim
516 784 595 814 illud
618 790 681 814 erat
699 784 809 824 aptius,
833 793 956 824 aequum
977 782 1087 823 cuique

200 827 370 857 concedere.

244 870 259 899 I
265 869 290 898 Ι.
305 870 456 900 Existimo
465 869 568 910 igitur,
579 869 717 910 inquam,
726 869 813 906 Cato,
822 874 933 898 veteres
942 868 1008 898 illos
1016 868 1088 897 Pla-

200 913 278 943 tonis
299 913 457 949 auditores,
475 913 691 953 Speusippum,
708 912 916 949 Aristotelem,
934 911 1088 941 Xenocra-

199 962 274 993 tem,
285 955 392 986 deinde
403 966 517 993 eorum,
531 956 737 991 Polemonem,
749 955 1007 995 Theophrastum,
1019 952 1089 983 satis

200 1005 230 1029 et
246 999 361 1039 copiose
379 1005 407 1028 et
428 999 578 1038 eleganter
593 998 732 1028 habuisse
748 998 940 1027 constitutam
957 996 1090 1036 discipli-

200 1052 284 1078 nam,
302 1049 335 1072 ut
351 1051 410 1071 non
421 1048 496 1071 essct
505 1052 593 1071 causa
603 1041 729 1078 Zenoni,
747 1051 816 1070 cum
829 1040 1025 1070 Polemonem
1035 1050 1090 1068 au-

199 1085 302 1122 disset,
311 1096 363 1115 cur
371 1091 399 1115 et
408 1086 445 1114 ab
454 1095 487 1114 eo
497 1084 561 1124 ipso
571 1090 599 1114 et
608 1095 626 1114 a
635 1083 836 1124 supe1ioribus
842 1083 1006 1117 dissideret,
1016 1092 1092 1123 quo-

201 1138 271 1159 rum
283 1128 342 1158 fuit
356 1127 419 1157 haec
435 1127 590 1157 institutio.
617 1127 654 1156 In
671 1128 731 1168 qua
744 1126 975 1161 animadvertas,
987 1124 1089 1161 velim,

202 1171 277 1212 quid
287 1177 373 1211 putes
385 1170 567 1200 mutandum
581 1181 590 1205 3
608 1179 662 1200 nec
674 1175 836 1211 exspectes,
850 1169 923 1198 dum
936 1168 973 1197 ad
989 1167 1092 1197 onmia

203 1215 314 1251 dicam,
336 1224 405 1254 quae
426 1224 443 1242 a
466 1219 494 1243 te
513 1213 592 1243 dicta
607 1218 685 1242 sunt.
711 1212 859 1242 Universa
872 1211 952 1241 enim
968 1211 1091 1240 illorum

203 1257 318 1288 ratione
334 1267 403 1286 cum
419 1256 481 1286 tota
497 1256 593 1286 vestra
604 1255 826 1296 confligendum
839 1261 922 1295 puto.
947 1253 1092 1291 Quicum

205 1300 350 1337 viderent,
368 1299 409 1329 ita
425 1309 477 1328 nos
493 1309 554 1328 esse
569 1304 666 1335 natos,
683 1305 717 1328 ut
732 1304 761 1328 et
776 1297 976 1328 communiter
994 1295 1032 1326 ad
1044 1306 1093 1326 eas

205 1344 330 1374 virtutes
354 1342 417 1383 apti
440 1352 582 1378 essemus,
605 1352 673 1381 quae
694 1348 772 1371 notae
796 1341 986 1380 illustresque
1010 1344 1092 1375 sunt,

204 1386 353 1426 justitiam
383 1385 459 1421 dico,
494 1385 735 1425 temperantiam,
769 1389 949 1423 caeterasque
978 1381 1095 1422 generis

207 1429 341 1469 ejusdem
354 1440 362 1465 ;
387 1439 456 1470 quae
482 1438 595 1465 omnes,
623 1427 733 1457 similes
757 1427 867 1456 artium
895 1425 1093 1465 reliquarum,

208 1473 334 1502 materia
353 1478 472 1501 tantum
489 1470 526 1500 ad
543 1471 697 1500 meliorem
717 1476 844 1511 partem,
862 1474 891 1498 et
907 1467 1093 1503 tractatione,

208 1516 372 1550 differunt;
397 1524 505 1554 easque
520 1514 599 1554 ipsas
615 1513 739 1543 virtutes
755 1512 889 1541 viderent
905 1521 958 1541 nos
977 1509 1096 1549 magni-

208 1559 345 1590 ficentius
357 1564 495 1599 appetere
506 1563 534 1587 et
546 1556 718 1591 ardentium
742 1555 852 1584 habere
868 1554 957 1584 etiam
974 1553 1096 1583 insitam

209 1601 387 1644 quamdam,
405 1601 450 1631 vel
468 1601 566 1641 potius
579 1600 726 1635 innatam,
743 1597 939 1638 cupiditatem
955 1595 1096 1632 scientiae,

208 1652 354 1686 natosque
369 1655 429 1674 esse
445 1644 482 1673 ad
498 1642 758 1683 congregationem
770 1641 942 1675 hominum,
954 1645 982 1669 et
998 1639 1036 1668 ad
1051 1648 1098 1668 so-

210 1690 348 1721 cietatem
372 1687 681 1726 communitatemque
699 1684 814 1725 generi}
838 1682 977 1719 humani,
1003 1690 1098 1721 eaque

209 1737 240 1766 in
256 1732 399 1763 maximis
414 1730 541 1771 ingeniis
556 1729 690 1759 maxime
702 1728 836 1763 elucere;
863 1732 955 1756 totam
966 1724 1098 1766 philoso-
