1226 1935
262 98 386 131 TUSC.
397 98 570 138 QUAEST.
583 99 662 130 Lm.
675 99 742 131 111.
753 99 837 132 CAP.
848 101 899 132 32.
961 101 1022 132 213

176 182 253 215 Haec
267 184 360 226 igitur
375 185 473 217 officia
487 191 559 216 sunt
573 186 807 225 consolantium,
821 187 926 217 tollere
937 188 1024 227 aegri-

132 225 270 257 tudinem
291 228 441 267 funditus,
462 236 516 259 aut
536 229 650 268 sedare,
674 235 727 260 aut
750 229 905 260 detrahere
928 234 1023 271 quain

131 269 313 309 plurimum,
326 278 379 302 aut
394 272 592 313 supprimere,
606 282 660 303 nec
675 272 739 314 pati
751 283 874 303 manare
889 273 1022 314 longius,

130 317 184 342 aut
198 313 237 343 ad
253 314 313 344 alia
327 321 461 346 mentem
477 316 641 346 traducere.

174 356 264 394 Sunt,
281 357 335 398 qui
355 368 454 389 unum
474 358 609 389 officium
629 359 809 390 consolantis
829 364 948 400 putent,
969 359 1023 390 do-v

131 407 208 436 cere,
224 400 342 431 malurn
357 401 435 431 illud
449 402 574 432 omnino
588 412 650 432 non
667 413 739 441 esse,
753 408 787 432 ut
800 402 942 432 Cleanthi
957 403 1023 443 pla-

131 447 186 471 cet.
210 444 300 481 Sunt,
314 444 368 484 qui
383 454 444 475 non
460 455 609 486 magnum
625 446 755 483 malum,
769 451 804 475 ut
820 445 1021 486 Peripatetici.

129 484 220 523 Sunt,
243 487 296 527 qui
316 487 469 518 abducant
489 499 507 518 a
527 488 616 519 malis
636 489 676 519 ad
697 490 786 527 bona,
805 495 838 518 ut
858 489 1021 531 Epicurus.

130 528 219 565 Sunt,
247 530 301 570 qui
324 531 394 561 satis
421 537 540 572 putent,
571 531 738 570 ostendere,
770 531 847 561 nihil
872 531 1021 572 inopinati

128 571 280 610 accidisse,
302 573 379 604 nihil
395 575 478 605 mali,
512 575 701 615 Chrysippus
722 581 825 605 autem
846 582 938 615 caput
958 586 1020 606 esse

128 620 228 644 censet
242 614 274 645 in
289 617 482 656 consolando,
496 617 650 648 detrahere
662 618 747 648 illam
759 618 933 659 opinionem
946 628 1021 648 moe-

128 657 217 695 renti,
244 658 269 689 si
292 670 323 690 se
347 660 444 691 officio
467 661 555 701 fungi
577 667 664 702 putet
684 662 768 700 justo
791 667 883 702 atque
906 661 1019 692 debito.

129 699 209 731 Sunt
224 701 327 741 etiam,
343 703 398 744 qui
413 703 477 734 haec
492 704 596 735 omnia
615 714 726 745 genera
745 704 919 735 consolandi
934 705 1020 735 colli-

128 750 222 783 gant:
246 745 324 776 alius
351 746 432 776 enim
456 747 515 778 alio
535 747 626 778 modo
650 754 799 786 movetur,
821 754 856 778 ut
882 748 943 778 fere
965 758 1020 779 nos

127 787 231 817 omnia
242 787 271 817 in
286 788 532 820 Consolationem
544 800 638 820 unam
651 791 834 830 conjecimus
846 802 853 820 ε
865 797 928 822 erat
938 791 1020 821 enim

130 828 161 858 in
178 835 297 861 tumore
312 832 444 870 animus,
461 839 490 863 et
505 834 604 864 omnis
614 834 647 864 in
664 844 698 864 eo
710 835 883 865 tentabatur
895 835 1019 865 curatio.

128 872 190 903 Sed
204 875 389 906 sumendum
405 881 526 917 tempus
541 883 596 913 est,
613 886 674 906 non
689 877 791 907 minus
803 877 834 906 in
845 877 1020 908 animorum

129 917 254 955 morbis,
282 929 375 959 quam
402 919 433 949 in
460 930 620 960 corporum
634 931 644 956 ς
680 926 715 950 ut
741 920 943 951 Prometheus
969 921 1021 952 ille

128 958 268 1001 AEschyli
281 972 290 998 ;
314 962 364 992 cui
379 972 450 992 cum
465 962 582 993 dictum
598 969 684 1001 esset,

172 1020 195 1035 “
211 1019 323 1060 Atqui,
341 1020 538 1059 Prometheu,
555 1027 585 1052 te
599 1021 656 1052 hoc
672 1027 772 1052 tenere
787 1022 939 1063 existimo,

213 1061 336 1093 Mederi
350 1074 437 1105 posse
452 1064 600 1095 rationem
615 1065 779 1096 iracundiae
791 1066 826 1103 ;''

130 1133 296 1174 respondit,

170 1195 192 1211 ‘⁶
209 1193 242 1224 Si
257 1193 379 1235 quidem
397 1194 461 1236 qui,
479 1196 690 1238 tempestivam
707 1197 891 1229 medicinam
911 1199 1018 1231 admo-²

299 1247 382 1275 vens,

171 1279 245 1311 Non
260 1280 300 1310 ad
314 1291 489 1322 gravescens
505 1282 617 1313 vulnus
632 1283 731 1314 illidat
746 1285 890 1315 manus.''

172 1348 321 1381 XXXII.
344 1351 414 1381 Erit
429 1351 521 1392 igitur
533 1352 564 1382 in
577 1354 831 1386 consolationibus
842 1356 942 1396 prima
954 1367 1021 1388 me-

128 1392 238 1431 dicina,
248 1393 353 1424 docere
364 1401 417 1424 aut
429 1395 551 1425 nullum
562 1396 681 1426 malum
697 1408 769 1436 esse,
784 1405 837 1428 aut
851 1399 1019 1431 admodum

130 1447 279 1477 parvum:
304 1437 397 1468 altera
412 1444 441 1468 et
461 1438 499 1469 de
519 1440 675 1469 communi
695 1441 866 1472 conditione
886 1443 966 1482 vitae‚
989 1450 1019 1474 et

130 1479 260 1520 proprie,
277 1480 302 1510 si
313 1480 388 1521 quid
403 1481 442 1511 sit
461 1481 498 1512 de
513 1482 619 1523 ipsius,
636 1483 689 1523 qui
705 1490 828 1514 moereat
845 1483 1019 1526 [disputan-

129 1522 221 1563 dum]
234 1534 242 1552 z
267 1524 364 1562 tertia,
376 1535 530 1555 summam
543 1536 605 1556 esse
614 1526 774 1556 stultitiam
790 1527 901 1558 frustra
912 1530 1018 1561 confici

130 1576 268 1604 moerore,
293 1576 363 1596 cum
386 1567 548 1608 intelligas,
573 1568 651 1599 nihil
675 1580 761 1610 posse
784 1571 898 1611 profici.
932 1573 1017 1603 Nam

130 1609 292 1640 Cleanthes
306 1610 430 1652 quidem
445 1612 612 1651 sapientem
632 1613 821 1649 consolatur;
846 1615 900 1654 qui
915 1625 1019 1647 conso-

129 1652 241 1682 latione
255 1662 317 1682 non
333 1659 408 1694 eget.
433 1654 523 1684 Nihil
534 1655 615 1685 enim
630 1666 694 1686 esse
707 1657 825 1691 malum
838 1658 920 1698 quod
931 1664 1020 1701 turpe

131 1704 193 1725 non
209 1695 258 1733 sit,
273 1695 299 1726 si
313 1695 430 1737 lugenti
439 1698 630 1738 persuaseris,
644 1708 705 1730 non
719 1705 754 1730 tu
770 1700 956 1739 illiluctum‚
966 1705 1020 1737 sed

132 1738 305 1776 stultitiam,
329 1739 503 1771 detraxeris.
535 1741 685 1772 Alienum
707 1748 810 1773 autem
831 1749 952 1785 tempus
964 1746 1021 1778 do.

131 1781 229 1813 cendi.
262 1781 306 1813 Et
326 1788 427 1815 tamen
448 1793 508 1815 non
529 1785 602 1816 satis
616 1785 693 1817 mihi
711 1785 828 1817 videtur
842 1787 951 1823 vidisse
965 1789 1022 1823 hoc
