1226 1935
189 100 252 129 244
305 99 433 130 TUSC.
448 99 622 138 QUAEST.
640 100 718 130 Lm.
737 99 797 131 IV.
814 99 898 131 CAr‘.
918 101 970 131 32.

189 185 336 215 manitate
361 191 390 216 et
414 185 530 216 feritate
553 185 687 227 quadarn
709 185 917 227 proponenda,
939 186 1078 226 castigari

190 229 274 258 solet.
315 232 433 269 Atque,
455 235 488 259 ut
514 229 679 270 [diffidere]
702 229 796 266 decet,
813 229 919 259 timere
938 239 999 259 non
1025 229 1077 259 de-

156 300 163 305 ,
190 276 257 308 cet;
282 271 322 301 515
338 271 468 312 gaudere
483 272 691 330 (15551,1ε513.11
710 282 771 301 non
792 271 895 307 decet3
920 271 1078 312 quoniam,

190 313 317 344 docendi
339 325 440 352 causa,
457 325 475 344 a
490 315 601 355 gaudio
620 314 757 344 laetitiam
778 314 890 355 distirn
879 315 1002 344 uimus.
1037 315 1080 344 11-

191 356 245 386 lud
262 358 327 396 jam
352 368 442 397 supra
462 357 608 393 diximus,
631 357 865 388 contractionem
886 357 981 387 animi
1002 363 1080 387 recte

191 398 255 429 fieri
277 410 435 440 nunquam
462 411 558 440 posse,
576 401 737 430 elationem
758 411 866 441 posse:
890 400 977 430 aliter
999 400 1080 430 5111111

192 441 358 472 Naevianus
374 443 425 473 1115
441 443 554 483 gaudet
570 443 695 481 Hector,

239 526 573 534 ........................
587 506 609 520 “
626 503 726 532 Laetu'
743 513 811 532 sum

234 545 368 576 Laudari
384 556 433 575 me
448 547 501 575 abs
516 551 555 583 te,
572 552 667 586 pater,
683 545 806 575 laudato
822 545 885 575 viro
899 546 931 575 :”

190 614 276 644 aliter
291 615 342 644 ille
358 614 441 655 apud
457 614 623 651 Trabeam,

236 676 258 691 “
272 674 368 711 Lena,
381 674 512 704 delenita
521 680 655 715 argento,
664 681 774 705 nutum
785 675 955 706 observabit
964 686 1081 714 meum,

235 716 322 754 Quid
337 717 440 754 velim,
460 717 534 757 quid
550 717 698 747 studeam.
722 718 898 748 Adveniens
915 718 1009 759 digito
1025 719 1082 748 im-

321 760 434 800 pellam
448 761 575 799 januam
590 772 598 789 :

238 802 329 832 Fores
352 805 509 842 patebunt.
548 803 597 833 De
618 803 782 844 improviso
807 803 931 844 Chrysis
951 804 1004 833 ubi
1030 813 1081 834 me

327 845 510 886 adspexerit,

238 888 359 918 Alacris
374 889 495 918 obviam
510 888 587 918 mihi
602 889 711 927 veniet,
727 889 922 930 complexum
937 895 1084 930 exoptans

325 942 441 961 meum.

239 973 323 1004 Mihi
338 985 368 1004 se
384 974 508 1004 dedet.”

196 1039 301 1078 Quam
313 1041 377 1071 haec
392 1040 518 1081 pulchra
533 1046 630 1081 putet,
641 1041 704 1082 ipse
716 1042 781 1081 jam
796 1041 893 1072 dicet:

239 1101 262 1116 ‘⁶
279 1099 447 1129 Fortunam
461 1099 559 1140 ipsam
574 1100 693 1130 anteibo
705 1100 832 1131 fortunis
844 1101 952 1131 meis.''

240 1158 388 1189 XXXII.
413 1159 489 1189 Haec
515 1159 620 1189 laetitia
646 1169 739 1199 quam
763 1160 859 1200 turpis
881 1159 930 1196 sit,
948 1158 1018 1189 satis
1042 1165 1086 1190 est

197 1201 356 1242 diligenter
371 1202 576 1232 attendentem
592 1202 712 1242 penitus
729 1202 837 1232 videre.
862 1202 915 1239 Et,
932 1208 967 1232 ut
982 1208 1085 1243 turpes

199 1251 282 1283 sunt,
300 1245 353 1285 qui
368 1244 497 1275 efferunt
509 1256 538 1275 se
553 1245 659 1275 laetitia
671 1251 737 1274 tum
753 1255 824 1275 cum
836 1245 982 1274 fruuntur
1000 1255 1087 1275 vene-

198 1287 255 1317 reis
273 1288 501 1336 vt)luptatibusj;
526 1287 566 1318 515
587 1287 737 1328 1133111051,
759 1288 813 1328 qui
831 1298 879 1318 eas
899 1288 1088 1318 inflammato

197 1330 300 1360 animo
312 1330 537 1371 concupiscunt.
575 1330 675 1360 Totus
693 1340 762 1360 vero
777 1331 842 1367 iste,
860 1331 913 1371 qui
929 1332 1019 1371 vulgo
1035 1342 1088 1371 ap-

197 1374 328 1413 pellatur
351 1384 447 1411 amor,
465 1376 544 1409 (nec,
565 1373 697 1410 hercule,
721 1373 853 1411 invenio,
881 1384 942 1414 quo
964 1374 1086 1404 nomine

197 1416 257 1445 alio
281 1416 374 1456 possit
397 1416 556 1457 appellari)
583 1422 676 1446 tantae
698 1416 755 1446 lev
740 1417 829 1446 itatis
860 1422 914 1453 est,
946 1422 980 1446 ut
1010 1416 1088 1446 nihil

199 1458 329 1496 videam,
347 1460 429 1499 quod
444 1465 550 1500 putem
567 1459 792 1489 conferendum.
817 1459 919 1497 Quem
936 1459 1086 1499 Caecfflus,

244 1541 408 1548 ............
421 1519 444 1534 “
458 1517 561 1547 Deum
578 1517 630 1558 qui
646 1528 707 1547 non
723 1528 879 1547 summum
896 1523 993 1558 putet,

241 1561 310 1590 Aut
335 1561 476 1599 stultum,
500 1567 554 1591 aut
577 1570 679 1591 rerum
703 1571 766 1591 esse
789 1561 966 1601 imperitum
989 1560 1090 1591 existi-

326 1609 408 1634 met:

243 1645 302 1675 Cui
317 1646 349 1675 in
365 1656 458 1676 manu
475 1646 524 1683 sit,
542 1656 633 1687 quem
651 1657 712 1676 esse
726 1646 898 1677 dementem
914 1646 997 1683 velit,

243 1689 346 1726 Quem
368 1699 481 1729 sapere,
507 1699 598 1730 quem
624 1688 767 1731 [sanari,]
793 1699 885 1731 quem
900 1689 931 1718 in
947 1690 1088 1719 morbum

326 1732 425 1771 injici,

243 1774 346 1812 Quem
358 1781 459 1806 contra
468 1774 575 1813 amari,
587 1785 677 1816 quem
690 1774 840 1814 arcessier,
852 1784 943 1816 quem
956 1775 1089 1816 expeti.”

1218 1689 1222 1767 ἵ

1219 1769 1222 1819 ξ

1220 1853 1226 1935 ἱ
