1226 1935
219 72 282 102 304
330 71 392 103 DE
417 73 524 103 NAT.
549 72 686 105 DEOR.
711 73 790 104 Lm.
805 73 831 104 1.
857 72 939 104 ΟΑΡ.
960 73 1009 104 12.

219 168 288 198 quae
309 159 420 189 sentire
440 159 544 200 possit,
566 159 672 200 fugere
691 160 899 200 intelligentiae
919 164 1027 190 nostrae
1044 158 1107 189 vim

221 206 250 230 et
266 201 422 232 notionem
439 203 564 233 videtur.

265 244 455 275 Crotoniates
467 252 569 276 autem
580 246 731 283 Alcmaeo,
747 246 801 287 qui
817 246 872 276 soli
887 251 917 276 et
931 245 1024 281 lunae,
1040 244 1110 274 reli-

221 287 351 328 quisque
376 288 534 325 sideribus,
558 289 721 330 animoque
745 295 898 329 praeterea,
922 287 1111 318 divinitatem

221 329 315 366 dedit,
333 341 393 361 non
410 331 512 369 sensit,
530 342 592 362 sese
606 332 785 362 mortalibus
800 333 889 362 rebus
900 330 1112 361 immortalita-

222 378 284 402 tem
301 373 380 404 dare.

267 416 352 446 Nam
375 417 576 458 Pythagoras,
597 417 650 458 qui
671 418 797 455 censuit,
819 417 958 448 animum
979 426 1040 447 esse
1060 426 1115 456 per

222 464 365 489 naturam
386 471 487 489 rerum
512 470 635 490 omnem
658 461 811 490 intentum
833 466 861 490 et
881 465 1115 497 commeantem,

224 512 261 531 ex
278 513 339 542 quo
355 503 449 532 nostri
464 503 559 532 animi
575 510 778 543 carperentur,
801 513 861 533 non
883 503 969 541 vidit,
989 503 1114 532 distrac-

224 544 306 574 tione
332 545 539 576 humanorum
565 546 750 583 animorum,
781 546 909 586 discerpi
935 551 964 575 et
992 545 1116 575 lacerari

226 586 352 623 Deum3
375 594 414 625 et,
432 599 503 618 cum
519 589 621 618 miseri
636 589 731 618 animi
747 595 855 627 essent,
872 588 953 629 quod
965 588 1116 628 plerisque

226 630 423 671 contingeret,
446 637 511 661 tum
536 631 596 662 Dei
620 638 738 672 partem
761 643 823 662 esse
844 632 1005 661 miseram:
1034 630 1117 671 quod

228 673 291 702 fieri
308 683 367 703 non
384 680 491 714 potest.
517 674 581 704 Cur
593 681 695 704 autem
708 675 876 715 quidquam
889 675 1039 715 ignoraret
1051 673 1116 703 ani-

226 726 296 746 mus
312 717 454 754 hominis,
474 718 498 747 si
514 724 589 747 esset
605 718 716 748 Deus?
746 717 909 755 Quomodo
925 727 1013 757 porro
1029 715 1116 746 Deus

226 758 293 796 iste,
310 759 334 789 si
351 760 427 790 nihil
444 767 519 791 esset
530 761 587 791 nisi
599 761 730 800 animus,
743 766 797 791 aut
808 760 921 791 infixus
933 766 986 790 aut
997 759 1117 790 infusus

229 808 305 832 esset
321 803 352 832 in
367 803 484 833 mundo
497 806 510 834 Ρ

272 845 357 875 Tum
382 846 599 887 Xenophanes,
626 848 690 888 qui,
717 853 820 878 mente
846 846 1000 886 adjuncth,
1026 855 1117 876 omne

227 894 382 928 praeterea,
399 890 481 930 quod
497 897 572 920 esset
587 891 753 927 infinitum,
766 890 869 920 Deum
882 890 977 920 voluit
989 899 1061 925 esse,
1078 888 1117 918 de

227 931 294 971 ipsa
310 938 411 962 mente
425 932 498 963 item
514 934 754 974 reprehenditur,
771 939 806 963 ut
821 933 939 968 caeteri;
963 932 1000 962 de
1015 931 1118 961 infini-

228 980 289 1004 tate
305 981 406 1005 autem
424 976 641 1014 vehementius,
658 976 689 1006 in
705 977 768 1017 qua⁴
782 976 859 1006 nihil
875 986 973 1016 neque
988 974 1119 1005 sentiens

228 1026 327 1058 neque
343 1018 540 1057 conjunctum
556 1025 655 1059 potest
669 1030 740 1049 esse.

272 1061 357 1090 Nam
374 1062 570 1092 Parmenides
583 1061 829 1092 commenticium
841 1061 989 1103 quiddam
1001 1070 1118 1091 coronae

228 1102 427 1134 similitudine
440 1105 545 1135 efficit:
566 1105 739 1145 Stephanen
755 1106 899 1145 appellat,
916 1104 1121 1135 continentem

228 1146 334 1177 ardore
357 1147 433 1177 lucis
456 1149 572 1185 orbem,
598 1148 651 1189 qui
674 1148 767 1187 cingit
790 1148 922 1183 coelum3
950 1157 1043 1188 quem
1066 1157 1122 1187 ap-

228 1189 324 1229 pellat
339 1189 443 1220 Deum
456 1202 463 1220 :
485 1191 516 1219 in
532 1201 593 1231 quo
609 1201 707 1231 neque
719 1191 849 1230 figuram
861 1190 1008 1227 divinam,
1022 1199 1121 1229 neque

230 1242 364 1269 sensum,
382 1234 545 1274 quisquam
561 1233 704 1274 suspicari
721 1239 828 1274 potest.
861 1233 967 1263 Multa
985 1232 1121 1272 ejusdem

230 1281 385 1310 monstra;
416 1277 529 1317 quippe
547 1276 601 1317 qui
622 1277 750 1313 bellum,
776 1276 829 1317 qui
852 1276 1042 1312 discordiam,
1068 1275 1122 1316 qui

229 1319 438 1358 cupiditatem,
461 1325 628 1360 caeteraque
648 1319 764 1360 generis
785 1319 933 1358 ejusdem,
958 1318 996 1349 ad
1017 1318 1122 1348 Deum

231 1368 369 1397 revocat;
394 1373 463 1402 quae
479 1363 526 1392 vel
547 1364 664 1400 morbo,
682 1363 730 1392 vel
751 1372 868 1400 somno,
891 1363 939 1392 vel
959 1361 1121 1400 oblivione,

229 1404 278 1434 vel
305 1410 463 1443 vetustate,
491 1405 639 1435 delentur.
678 1405 859 1446 Eademque
885 1405 922 1435 de
949 1405 1118 1440 sideribus;

230 1457 311 1487 quae,
337 1448 516 1489 reprehensa
537 1449 602 1488 jam
626 1448 658 1478 in
683 1449 742 1479 alio
768 1448 879 1489 [loc0‚]
901 1449 933 1478 in
954 1448 1011 1478 hoc
1031 1448 1122 1478 omit-

235 1495 348 1521 tantur.

273 1533 354 1564 XII.
378 1534 579 1575 Empedocles
600 1541 714 1571 autem,
730 1535 830 1564 multa
850 1534 910 1564 alia
931 1543 1068 1574 peccans,
1087 1533 1120 1563 in

231 1574 369 1606 Deorum
385 1577 525 1617 opinione
541 1578 713 1618 turpissime
728 1578 849 1608 labitur.
883 1577 1024 1614 Quatuor
1040 1576 1121 1607 enim

229 1624 364 1657 naturas,
381 1630 418 1650 ex
434 1621 544 1661 quibus
561 1621 663 1650 onmia
679 1627 814 1651 constare
829 1620 905 1657 vult,
927 1620 1044 1650 divinas
1060 1630 1122 1650 esse

228 1668 339 1700 censet,
356 1673 431 1703 quas
447 1669 477 1693 et
491 1664 573 1694 nasci
588 1669 618 1694 et
632 1663 784 1704 exstingui
799 1663 994 1705 perspicuum
1015 1668 1070 1700 est,
1092 1668 1122 1693 et

229 1714 317 1735 sensu
335 1716 419 1736 omni
434 1717 544 1737 carere.

272 1748 340 1780 Nec
360 1759 430 1781 vero
451 1749 643 1791 Protagoras,
667 1749 720 1791 qui
743 1759 806 1782 sese
827 1754 919 1791 negat
940 1748 1065 1780 omnino
1085 1748 1124 1780 de
