1226 1935
209 82 269 113 1430
336 83 461 115 TUSC.
479 84 653 123 QUAEST.
672 85 751 116 Lln.
769 86 817 116 11.
835 85 918 117 CAP.
936 86 965 122 7.

206 168 336 209 loquar3
361 181 492 211 quorum
508 172 645 213 princeps
668 178 696 202 et
712 172 888 203 auctoritate
912 177 941 202 et
959 169 1093 211 antiqui-

207 216 281 249 tate,
304 214 470 245 Socraticus
493 215 681 255 Aristippus,
698 225 757 247 non
774 215 924 245 dubitavit
940 224 1096 245 summum

208 255 326 284 malum
342 256 475 287 dolorem
491 258 595 288 dicere.
632 259 762 295 Deinde,
779 259 816 288 ad
832 259 910 288 hane
925 262 1095 287 enervatam

209 298 450 340 muliebremque
465 301 654 339 sententiam,
671 301 741 331 satis
757 301 883 331 docilem
900 311 930 330 se
946 300 1097 340 Epicurus

208 341 348 380 praebuit.
386 343 482 373 Hunc
502 350 580 384 post,
599 345 738 374 Rhodius
760 344 978 384 Hieronymus,
995 342 1097 372 dolore

209 393 323 422 vacare,
350 395 506 416 summum
533 389 647 417 bonum
672 387 770 417 dixit:
800 393 919 417 tantum
942 386 974 415 in
996 385 1098 415 dolore

208 425 297 456 duxit
321 428 403 458 mali.
437 430 556 466 Caeteri,
581 436 689 470 praeter
714 430 880 468 Zenonem,
905 429 1096 464 Aristonem,

209 468 410 509 Pyrrhonem,
434 471 515 502 idem
538 473 609 509 fere,
632 473 714 513 quod
729 473 819 503 modo
835 479 890 502 tu:
923 472 1041 502 malum
1062 470 1099 500 il-

210 511 265 541 lud
282 513 417 553 quidem,
431 515 482 544 sed
494 515 553 545 alia
567 516 679 555 pejora.

254 555 349 595 Ergo,
378 556 409 586 id
431 558 513 598 quod
534 564 642 588 natura
662 558 727 599 ipsa
747 564 776 588 et
797 557 937 599 quaedam
956 566 1098 597 generosa

210 597 305 628 virtus
324 599 425 628 statim
447 601 570 640 respuit,
588 611 625 630 ne
648 601 781 631 dolorem
801 611 957 630 summum
980 600 1097 629 malum

208 640 330 676 diceres,
353 643 550 683 oppositoque
571 644 713 674 dedecore
741 644 887 674 sententia
906 642 1097 683 depellerere,

207 683 239 712 111
256 694 290 713 eo
305 684 449 724 magistra
461 686 529 716 vitae
544 686 734 727 philosophia
750 692 793 716 tot
809 686 917 716 saecula
931 691 1097 726 permanet.

209 726 303 763 Quod
318 727 388 757 huic
404 728 548 765 officium,
565 740 634 770 quae
648 730 725 767 laus,
739 729 821 770 quod
836 729 925 758 decus
938 728 993 758 erit
1008 728 1096 766 tanti,

209 769 292 809 quod
307 770 431 811 adipisci
447 781 516 801 cum
532 772 634 802 dolore
649 773 779 813 corporis
795 773 876 809 velit,
894 771 947 812 qui
962 771 1096 800 dolorem

207 822 366 842 summum
382 814 499 844 malum
515 814 572 844 sibi
587 825 648 845 esse
664 815 866 855 persuaserit?
890 815 995 851 Quam
1010 824 1099 853 porro

206 855 276 895 quis
291 856 502 896 ignominiam,
520 868 613 898 quam
624 858 844 898 turpitudinem
856 868 915 887 non
928 856 1095 898 pertulerit,

209 905 244 928 ut
259 898 384 939 effugiat
399 899 544 938 dolorem,
562 900 586 930 si
601 900 632 930 id
648 911 804 931 summum
825 901 942 930 malum
964 909 1025 929 esse
1046 898 1098 928 de·-

205 941 356 973 creverit?
381 942 461 980 Quis
487 949 590 973 autem
616 953 676 973 non
695 944 796 982 miser,
816 954 876 973 non
899 942 990 973 modo
1013 947 1097 979 tunc,

204 995 279 1015 cum
300 992 453 1025 premetur
469 986 596 1016 summis
611 987 776 1023 doloribus,
793 986 817 1017 si
832 987 864 1016 in
885 986 931 1016 his
950 991 994 1015 est
1014 994 1098 1014 sum-

208 1038 295 1058 mum
312 1029 440 1067 malum,
464 1029 516 1059 sed
532 1030 622 1059 etiam
638 1040 708 1060 cum
724 1030 795 1060 sciet
810 1029 841 1059 id
857 1029 914 1059 sibi
930 1039 1015 1069 posse
1030 1038 1098 1057 eve-

206 1070 271 1101 nire
282 1072 296 1101 ?
320 1077 349 1101 et
364 1072 431 1112 quis
447 1078 501 1110 est,
514 1072 563 1102 eui
578 1082 638 1102 non
654 1073 746 1113 possit
758 1075 771 1101 ’ἓ
797 1073 846 1102 Ita
861 1072 906 1109 fit,
923 1078 958 1101 ut
973 1070 1097 1101 omnino

207 1123 297 1144 nemo
319 1124 380 1144 esse
403 1115 495 1155 possit
514 1117 629 1146 beatus.
665 1115 860 1145 Metrodorus
881 1114 1005 1155 quidem
1026 1123 1097 1143 eum

206 1156 337 1198 perfecte
352 1163 440 1198 putat
454 1159 590 1196 beatum,
615 1159 663 1189 cui
679 1169 786 1198 corpus
802 1160 878 1188 bene
898 1157 1095 1187 constitutum

207 1199 256 1235 sit,
274 1206 303 1229 et
319 1201 521 1240 exploratum,
538 1202 581 1231 ita
595 1212 713 1242 semper
727 1202 800 1231 fore.
833 1200 913 1239 Quis
928 1206 1030 1230 autem
1054 1204 1098 1229 est

205 1242 272 1279 iste,
290 1243 338 1272 cui
353 1243 384 1272 id
400 1244 591 1284 exploratum
606 1245 700 1285 possit
716 1246 802 1275 esse?

250 1285 299 1315 VI
305 1286 330 1315 Ι.
354 1286 506 1326 Epicurus
518 1298 587 1318 vero
600 1298 634 1317 ea
649 1287 731 1326 dicit,
745 1294 780 1317 ut
794 1286 871 1317 mihi
883 1285 1006 1327 quidem
1018 1285 1096 1316 risus

204 1334 324 1368 captare
340 1329 497 1359 videatur:
522 1330 653 1360 affirmat
668 1330 749 1360 enim
773 1329 905 1370 quodam
924 1330 1000 1366 loco,
1029 1328 1095 1358 “Si

205 1377 311 1401 uratur
327 1372 455 1412 sapiens,
473 1373 497 1402 si
513 1373 660 1403 crucietur
673 1396 752 1404 ......
757 1373 776 1386 ”
788 1378 941 1413 exspectas
958 1372 1092 1409 fortasse,

203 1413 281 1443 dum
304 1414 393 1451 dicat,
421 1417 442 1432 “
461 1415 608 1454 Patietur,
634 1415 774 1456 perferet,
799 1425 859 1445 non
886 1414 1094 1445 succumbet.''

203 1456 334 1496 Magna,
351 1457 533 1495 mehercule,
550 1458 627 1495 laus,
644 1464 673 1488 et
689 1469 723 1488 eo
739 1459 814 1499 ipso,
832 1469 884 1498 per
900 1468 991 1498 quem
1010 1458 1094 1496 jura-

203 1499 245 1535 vi,
271 1499 404 1530 Hercule
427 1500 541 1540 digna;
567 1501 618 1531 sed
638 1501 783 1541 Epicuro,
803 1501 920 1531 homini
942 1510 1046 1541 aspero
1065 1505 1094 1530 et

200 1542 289 1580 duro,
307 1552 367 1572 non
383 1549 426 1573 est
446 1543 502 1574 hoc
518 1544 597 1574 satis.
623 1545 660 1574 In
681 1544 851 1574 Phalaridis
875 1549 961 1573 tauro
980 1543 1004 1573 si
1025 1543 1091 1579 erit,

203 1585 294 1621 dicet,
313 1588 335 1602 ‘⁶
352 1586 457 1623 Quam
467 1597 557 1616 suave
568 1593 610 1617 est
622 1587 677 1617 hoc
693 1587 700 1617 2
726 1597 819 1627 quam
832 1587 888 1617 hoc
900 1597 960 1616 non
973 1596 1044 1616 curo
1060 1586 1092 1615 !'’

203 1628 304 1659 Suave
319 1629 409 1658 etiam
424 1631 437 1659 Ρ
461 1640 499 1659 an
511 1640 619 1670 parum
632 1635 686 1667 est,
704 1630 727 1660 si
743 1640 803 1660 non
820 1640 958 1660 amarum
970 1630 984 1659 P
1007 1629 1053 1658 At
1063 1628 1094 1658 id

205 1670 330 1711 quidem
342 1671 387 1701 illi
403 1672 470 1712 ipsi,
487 1673 541 1713 qui
555 1672 688 1702 dolorem
698 1674 816 1703 malum
829 1683 890 1703 esse
900 1678 1022 1712 negant,
1033 1681 1093 1701 non

205 1713 303 1743 solent
318 1714 425 1750 dicere,
442 1715 584 1756 cuiquem]
598 1726 761 1746 suaveesse
774 1716 909 1746 cruciari.
926 1716 1093 1756 Asperum,

205 1755 340 1789 difficile.
364 1757 513 1795 odiosum,
536 1765 639 1790 contra
661 1765 814 1798 natu-ram,
838 1759 953 1797 dicunt,
975 1769 1029 1790 nec
1051 1764 1095 1789 ta-
