1226 1935
186 57 245 99 146
311 54 434 86 TUSC.
457 53 630 92 QUAEST.
654 54 732 84 Lm.
748 53 775 84 Ι.
792 52 876 84 ΟΑΡ.
890 53 941 83 44.

185 144 207 162 “
219 142 306 179 Istis,
315 141 450 182 quaeso,’'
461 140 572 181 inquit,
585 139 674 169 “ista
687 139 843 169 horribilia
850 138 992 168 minitare
1000 146 1073 177 pur-

184 184 299 227 puratis
309 184 387 215 tuis:
412 183 565 213 Theodori
577 183 701 223 quidem
713 182 790 212 nihil
799 182 932 220 interest,
945 179 1073 210 humine
1118 210 1119 213 Ἴ

547 226 566 239 9,

184 238 223 259 an
239 227 369 257 sublime
384 232 542 267 putrescat.

228 271 326 309 Cujus
348 270 404 299 hoc
426 268 505 299 dicto
527 268 701 305 admoneor,
725 274 760 298 ut
782 266 899 308 aliquid
921 265 1012 296 etiam
1034 265 1073 294 de

185 313 363 343 humatione
385 318 414 342 et
436 311 591 352 sepultura
612 310 773 341 dicendum
796 309 986 340 existimem:
1010 318 1075 338 rem

186 366 247 386 non
263 355 428 391 difficilem,
444 354 480 384 iis
495 354 661 394 praesertim
676 353 813 393 cognitis,
829 363 899 393 quae
924 350 977 390 [de
998 350 1075 380 nihil

187 398 357 438 sentiendo]
381 398 473 437 paulo
494 402 563 426 ante
584 396 663 426 dicta
678 402 757 426 sunt.
794 396 843 425 De
864 394 926 435 qua
941 396 1077 424 Socrates

188 441 312 482 quidem
338 440 413 480 quid
437 439 570 475 senserit,
596 444 720 479 apparet
743 439 774 468 in
799 448 833 468 eo
854 438 942 473 libro,
962 437 993 466 in
1016 446 1077 476 quo

187 484 315 514 moritur
326 493 335 519 ς
353 483 390 512 de
402 492 463 523 quo
476 483 541 520 jam
553 487 616 511 tam
627 482 722 511 multa
735 481 878 510 diximus.
903 480 984 510 Cum
996 479 1078 509 enim

188 527 225 557 de
236 525 463 556 immortalitate
474 524 646 553 animorum
659 523 879 564 disputavisset,
893 528 922 552 et
934 523 999 561 jam
1011 532 1077 551 mo-

189 569 285 600 riendi
300 574 420 608 tempus
441 572 572 607 urgeret,
594 572 716 606 rogatus
738 577 755 595 a
771 565 904 602 Critone,
931 565 1078 604 quemad-

187 611 315 642 modum
347 609 464 651 sepeliri
494 609 592 645 vellet,
628 611 649 626 ‘⁶
667 609 804 638 Multam
836 607 938 644 vero,'’
966 607 1077 647 inquit,

190 657 213 673 ‘4
230 663 364 694 operam,
392 651 492 689 amici,
523 651 635 681 frustra
659 651 820 681 consumsi.
853 650 970 680 Critoni
997 650 1078 680 enim

191 703 292 727 nostro
318 706 379 725 non
403 695 548 735 persuasi,
576 704 625 724 me
650 694 722 724 hinc
751 694 953 727 avolaturum,
981 703 1080 733 neque

190 739 360 781 quidquam
381 738 442 767 mei
463 737 648 767 relicturum.
680 736 914 773 Verumtamen,
937 735 1032 771 Crito,
1055 735 1080 765 si

190 793 240 813 me
264 781 381 821 assequi
403 780 546 821 potueris,
569 785 621 809 aut
642 779 738 809 sicubi
757 785 862 809 nactus
884 778 951 815 eris,
968 784 1003 808 ut
1026 778 1081 808 tibi

191 825 354 861 videbitur,
372 823 504 863 sepelito.
537 822 606 860 Sed,
624 822 700 852 mihi
716 822 813 858 crede,
837 831 927 852 nemo
948 831 997 851 me
1016 831 1080 851 ves-

191 870 284 903 trum,
299 867 378 896 'cum
397 866 467 895 hinc
488 875 649 902 excessero,
671 865 901 905 consequetur.''
934 864 1083 894 Praeclare

191 911 223 941 id
239 909 374 950 quidem,
391 908 445 949 qui
461 914 490 938 et
509 908 606 938 amico
622 907 801 947 permiserit,
820 913 849 937 et
870 917 900 937 se
920 907 1083 936 ostenderit

192 954 230 983 de
245 953 301 982 hoc
317 958 378 982 toto
394 960 501 991 genere
517 950 593 980 nihil
608 951 753 980 laborare.
786 950 900 979 Durior
916 949 1080 990 Diogenes,

192 1002 221 1027 et
244 995 276 1025 id
303 995 427 1035 quidem
452 993 592 1029 sentiens,
619 993 681 1032 sed,
707 999 742 1023 ut
767 993 910 1033 Cynicus,
936 992 1081 1033 asperius,

191 1038 297 1080 projici
314 1048 344 1067 se
357 1037 446 1076 jussit
460 1036 665 1066 inhumatum.
690 1036 775 1066 Tum
788 1036 888 1072 amici,
907 1037 929 1053 ‘⁶
940 1035 1082 1065 Volucri-

192 1084 299 1118 busne,
323 1086 352 1110 et
374 1079 443 1110 feris
455 1079 492 1109 ?''
517 1081 539 1096 ‘⁴
556 1079 690 1109 Minime
714 1079 818 1116 vero,''
843 1078 965 1119 inquit:
991 1080 1013 1094 “
1031 1078 1082 1108 sed

190 1125 335 1156 bacillum
352 1128 473 1163 propter
488 1131 548 1159 me,
566 1132 627 1162 quo
642 1122 774 1161 abigam,
791 1121 957 1162 ponitote.''
982 1122 1004 1138 ‘⁶
1016 1120 1081 1158 Qui

191 1167 301 1208 poteris
313 1166 349 1196 ?''
373 1165 436 1195 illi:
463 1166 485 1182 ‘⁶
502 1174 563 1194 non
585 1165 666 1194 enim
682 1165 821 1194 senties.'’
856 1166 877 1182 “
889 1163 974 1201 Quid
990 1163 1083 1204 igitur

190 1210 267 1241 mihi
283 1209 415 1239 ferarum
426 1207 558 1237 laniatus
574 1207 680 1245 oberit,
696 1207 773 1237 nihil
788 1207 927 1237 sentienti
939 1206 975 1237 ?''
999 1207 1082 1236 Prae-

191 1254 269 1284 clare
295 1252 507 1290 Anaxagoras,
534 1249 588 1291 qui
614 1260 683 1280 cum
712 1250 874 1291 Lampsaci
900 1255 1079 1287 moreretur,

191 1295 395 1337 quaerentibus
411 1293 526 1331 amicis,
543 1293 672 1323 velletne
682 1292 880 1323 Clazomenas
892 1292 924 1322 in
940 1292 1082 1332 patriam,

190 1340 215 1369 si
234 1337 308 1378 quid
331 1337 357 1367 ei
378 1336 541 1372 accidisset,
559 1335 692 1371 auferri;
718 1338 739 1353 ⁶⁶
757 1336 846 1365 Nihil
867 1345 985 1365 necesse
1005 1335 1083 1372 est,”

191 1381 310 1422 inquit:
337 1382 358 1397 ‘⁶
375 1378 511 1419 undique
526 1378 607 1408 enim
623 1379 662 1408 ad
682 1379 793 1408 inferos
814 1378 1006 1408 tantumdem
1028 1378 1084 1408 viae

192 1424 267 1455 est.'’
300 1422 442 1462 Totaque
463 1422 500 1451 de
521 1421 636 1451 ratione
655 1421 840 1452 humationis
859 1431 958 1451 unum
978 1426 1083 1451 tenen-

192 1468 267 1498 dum
291 1471 345 1503 est,
368 1465 406 1495 ad
429 1474 536 1504 corpus
559 1464 644 1494 illam
672 1464 831 1505 pertinere,
861 1464 922 1494 sive
944 1463 1084 1494 occiderit

193 1511 324 1546 animus,
341 1508 401 1537 sive
417 1507 524 1546 vigeat.
560 1507 597 1536 In
617 1517 739 1547 corpore
758 1512 872 1543 autem,
889 1507 1084 1547 perspicuum

194 1559 248 1589 est,
266 1552 312 1587 vel
333 1551 478 1581 exstincto
499 1549 601 1579 animo
618 1550 665 1580 vel
686 1551 798 1590 elapso,
815 1550 937 1580 nullum
958 1549 1085 1579 residere

196 1604 327 1627 sensum.

236 1637 359 1668 XLIV.
384 1636 444 1666 Sed
467 1635 557 1676 plena
581 1646 716 1665 errorum
740 1641 811 1666 sunt
832 1635 943 1666 omnia.
973 1634 1085 1666 Trahit

192 1682 369 1718 Hectorem,
390 1678 429 1709 ad
444 1689 566 1710 currum
581 1678 755 1720 religatum,
772 1679 911 1711 Achilles
923 1690 932 1708 :
957 1677 1080 1709 lacerari
