1180 1935
133 81 194 113 DE
220 81 328 113 NAT.
352 81 492 113 DEOR.
516 82 597 112 Lm.
616 82 663 113 11.
688 82 773 114 ΕΑΓ.
789 83 842 113 23.
877 83 940 114 359

46 167 183 199 maxime
197 174 242 199 est
256 173 413 210 occupata,
429 168 567 210 primum
580 174 613 199 ut
626 168 762 199 mundus
777 178 870 210 quam
887 179 941 209 ap-

3 250 6 252 *
46 210 182 241 tissimus
203 211 241 242 sit
263 211 302 242 ad
324 212 579 252 permanendum,
607 211 716 241 deinde
740 218 774 242 ut
802 212 888 242 nulla
911 222 942 241 re

47 259 144 293 egeat,
168 254 303 285 maxime
325 261 428 285 autem
449 261 484 284 ut
504 255 536 284 in
559 264 593 285 eo
615 254 728 284 eximia
746 254 942 295 pulchritudo

45 296 96 332 sit,
113 303 205 338 atque
219 298 319 327 omnis
334 304 467 328 ornatus.

91 339 175 370 XXI
181 340 226 370 ΙΙ.
252 340 380 370 Dictum
396 347 440 371 est
455 340 493 370 de
508 340 649 371 universo
663 340 801 376 mund03
825 340 942 371 dictum

48 387 93 412 est
105 383 196 413 etiam
209 383 246 413 de
258 383 422 419 sideribus;
443 389 478 413 ut
486 384 551 422 jam
563 383 786 424 propemodum
798 390 944 424 appareat

48 425 214 456 multitudo
225 436 279 456 nec
289 427 470 457 cessantium
481 426 630 463 Deorum,
643 436 748 462 necea,
759 436 828 467 quae
838 432 942 466 agant,

49 468 242 499 molientium
268 480 339 499 cum
364 470 467 499 labore
489 479 614 510 operoso
637 480 672 500 ac
695 470 832 499 molesto.
868 469 942 499 Non

50 511 131 541 enim
155 512 238 543 venis
260 519 290 543 et
310 513 408 543 nervis
430 519 459 542 et
479 513 596 542 ossibus
617 512 820 548 continentur,
837 522 892 542 nec
907 512 944 543 iis

50 554 123 584 escis
145 561 199 585 aut
220 555 395 596 potionibus
417 561 591 592 vescuntur,
617 561 652 585 ut
672 561 726 585 aut
747 555 838 585 nimis
861 565 944 585 acres

49 603 103 627 aut
119 598 210 628 nimis
225 604 377 629 concretos
396 599 540 628 humores
561 599 725 639 coHigant;
749 608 805 628 nec
824 598 861 628 iis
879 608 945 628 cor-

49 641 175 681 poribus
191 648 273 678 sunt‚
290 648 325 672 ut
339 648 393 672 aut
408 652 494 672 casus
509 648 563 671 aut
578 642 655 672 ictus
668 641 878 678 extimescant,
891 646 945 671 aut

50 685 172 714 morbos
187 691 328 715 metuant
342 695 379 715 ex
391 684 608 725 defatigatione
619 686 839 714 membrorum.
863 684 946 722 Quae

51 737 156 757 verens
168 727 322 768 Epicurus
337 737 584 768 monogrammos
597 727 680 757 Deos
692 733 721 758 et
733 727 810 757 nihil
822 734 946 768 agentes

51 777 241 800 commentus
257 777 310 801 est.
344 771 396 801 Illi
412 777 515 801 autem
531 771 738 811 pulcherrima
754 770 853 801 forma
867 781 947 811 prae-

51 812 118 850 diti,
143 813 365 855 purissimaque
385 814 418 843 in
439 814 561 854 regione
583 814 648 844 coeli
670 813 818 849 collocati,
839 813 882 843 ita
902 813 947 844 fe-

50 863 171 893 runtur,
188 857 445 898 moderanturque
460 867 576 893 cursus,
595 863 628 886 ut
648 857 687 887 ad
708 857 813 887 omnia
827 867 946 887 conser-

51 899 151 930 vanda
166 906 196 930 et
211 901 324 930 tuenda
339 900 521 931 consensisse
537 900 706 930 videantur.

95 943 210 974 Multae
232 949 335 974 autem
359 943 426 973 aliae
452 950 570 973 naturae
592 943 742 980 Deorum,
767 953 804 973 ex
827 942 950 983 magnis

50 987 203 1017 beneficiis
219 997 335 1023 eorum,
349 997 410 1017 non
423 986 487 1017 sine
499 987 601 1024 causa,
615 992 644 1016 et
655 997 674 1016 a
687 986 814 1016 Graeciae
829 987 948 1027 sapien-

51 1029 174 1060 tissimis
189 1036 219 1060 et
234 1041 252 1060 a
266 1030 434 1069 majoribus
449 1030 570 1066 nostris,
583 1029 753 1060 constitutae
768 1029 949 1060 nominatae-

52 1083 113 1113 que
135 1079 215 1103 sunt.
249 1073 411 1114 Quidquid
434 1073 516 1103 enim
540 1083 686 1113 magnam
710 1072 875 1102 utilitatem
897 1083 950 1113 ge-

52 1116 117 1146 neri
141 1116 260 1147 afferret
282 1116 431 1152 humano,
458 1116 490 1146 id
513 1126 574 1146 non
599 1116 663 1146 sine
687 1115 791 1146 divina
813 1115 950 1146 bonitate

53 1169 124 1199 erga
139 1159 278 1190 homines
296 1159 360 1190 fieri
380 1159 445 1189 arbi
447 1160 615 1189 trahantur.
649 1159 759 1200 Itaque
774 1164 843 1188 tum
858 1158 949 1196 sslud,

53 1202 138 1243 quod.
153 1209 217 1233 erat
231 1214 250 1233 a
265 1203 333 1234 Deo
348 1209 467 1240 natum,
479 1212 603 1232 nomme
613 1202 708 1243 ipsius
720 1202 782 1232 Dei
791 1212 951 1242 nuncupa-

53 1246 139 1283 bant,
162 1249 221 1283 (ut,
246 1257 317 1277 cum
337 1246 440 1287 fruges
462 1246 603 1276 Cererem
623 1246 826 1286 appellamus,
843 1245 951 1275 vinum

55 1294 159 1320 autem
175 1289 346 1325 Liberumg
371 1300 408 1319 ex
424 1299 486 1330 quo
501 1289 580 1319 illud
595 1289 744 1327 Terentii,

160 1349 183 1366 ‘⁴
196 1349 269 1380 Sine
286 1348 395 1380 Cerere
411 1354 440 1379 et
456 1348 580 1387 Libero,
597 1348 688 1390 friget
703 1349 853 1388 Venus'')

58 1425 126 1450 tum
141 1425 245 1450 autem
260 1430 307 1450 res
321 1419 398 1461 ipsa,
418 1419 450 1450 in
471 1419 534 1460 qua
554 1419 599 1450 vis
619 1419 698 1450 inest
717 1421 816 1459 major
837 1419 953 1460 aliqua,

59 1462 101 1493 sic
123 1463 305 1505 appellatur,
329 1469 365 1493 ut
387 1473 422 1493 ea
443 1463 510 1504 ipsa
533 1463 578 1493 vis
601 1463 776 1493 nominetur
799 1463 896 1499 Deus,
921 1468 956 1492 ut

60 1506 163 1543 Fides,
179 1512 214 1536 ut
230 1506 266 1536 M
271 1516 334 1542 ens‚
348 1517 424 1547 quas
438 1507 470 1536 in
488 1506 639 1547 Capitolio
653 1506 805 1536 dedicatas
817 1506 956 1536 videmus

59 1550 199 1590 proxime
215 1560 233 1579 a
249 1549 297 1579 M.
312 1549 441 1580 AEmilio
457 1550 588 1585 Scauro;
609 1555 678 1580 ante
691 1556 793 1580 autem
807 1550 845 1579 ab
858 1549 957 1578 Atilio

61 1592 204 1622 Calatino
220 1599 284 1622 erat
300 1593 390 1622 Fides
411 1599 591 1623 consecrata.
620 1593 716 1623 Vides
732 1592 865 1623 Virtutis
880 1598 958 1621 tem-

60 1635 162 1676 plum,
194 1635 276 1666 vides
308 1636 443 1666 Honoris
469 1647 488 1666 a
514 1636 563 1666 M.
590 1636 740 1667 Marcello
766 1641 958 1672 renovatum,

61 1678 156 1719 quod,
171 1679 280 1709 multis
301 1685 371 1709 ante
392 1679 491 1715 annis,
514 1685 578 1709 erat
598 1680 680 1709 bello
702 1678 860 1719 Ligustico
880 1688 898 1708 a
916 1677 958 1715 Q.

62 1720 209 1752 Maximo
237 1722 423 1754 dedicatum.
461 1722 548 1760 Quid
579 1722 683 1763 Opis?
717 1721 793 1762 quid
820 1720 960 1751 Salutis?
