1226 1935
252 54 318 85 332
362 53 425 85 DE
450 53 560 85 NAT.
584 53 722 86 DEOR.
747 54 827 85 Lm.
844 55 872 85 1.
897 55 980 87 Cixr.
998 56 1049 87 40.

247 141 287 171 sit
296 145 405 171 natura
416 141 563 178 mortalis,
576 141 780 171 immortalem
793 142 884 172 etiam
898 153 959 172 esse
971 145 1140 183 oportere.”

249 185 314 214 Isto
340 184 443 221 modo,
469 185 615 225 quoniam
639 185 777 214 homines
803 186 945 215 mortales
971 192 1052 222 sunt,
1081 188 1141 217 sint

248 227 344 267 aliqui
360 227 565 258 immortales:
591 234 631 265 et,
655 228 800 268 quoniam
819 235 984 258 naseuntur
1000 229 1031 258 in
1048 230 1138 267 terra,

248 276 411 300 nascantur
426 276 456 301 et
469 271 501 300 in
523 271 621 311 aqua:
648 277 688 307 et,
712 274 734 288 “
748 272 820 311 quia
842 278 923 306 sunt„
946 282 1014 312 quae
1035 272 1139 303 interi-

248 319 345 351 mant,
372 313 442 353 sint,
468 325 537 355 quae
560 314 769 344 conservent.”
807 315 875 345 Sint
901 325 993 344 sane:
1029 316 1080 345 sed
1105 327 1140 346 ea

245 363 433 393 conservent,
461 368 530 397 quae
554 363 637 387 sunt.
685 357 767 387 Deos
796 357 867 388 istos
894 368 956 388 esse
983 368 1043 387 non
1071 369 1138 388 sen-

247 400 300 429 tio.
334 399 445 430 Omnis
465 406 566 430 tamen
587 400 645 430 ista
665 410 765 430 rerum
790 400 902 441 effigies
921 412 957 430 ex
974 401 1139 432 individuis

247 453 309 483 quo
332 443 424 473 modo
448 443 623 484 corporibus
645 443 764 473 oritur?
792 454 860 483 quae
881 444 972 474 etiam
994 444 1017 473 si
1041 451 1139 475 essent

246 488 331 526 (quae
352 487 439 516 nulla
461 492 556 523 sunt),
582 486 693 526 pellere
715 497 746 516 se
766 486 831 526 ipsa
846 492 875 516 et
890 487 998 526 agitari
1014 486 1091 517 inter
1107 498 1138 517 se

246 539 393 559 concursu
414 529 538 559 fortasse
558 535 698 570 possent:
727 529 868 567 formare,
892 530 1033 569 figurare,
1058 531 1138 560 colo-

245 581 322 609 rare,
339 572 485 609 animare,
502 582 563 602 non
579 578 709 613 possent.
742 572 841 602 Nullo
862 572 955 613 igitur
974 573 1065 602 modo
1080 574 1140 603 im-

246 615 407 645 mortalem
424 615 528 645 Deum
545 615 669 645 efficitis.

289 657 362 688 XL.
387 658 557 688 Videamus
572 669 653 688 nunc
669 658 706 688 de
720 659 818 689 beato.
846 658 918 689 Sine
933 658 1044 689 virtute
1060 665 1138 690 certe

244 701 331 731 nullo
352 701 462 731 modo:
490 702 583 732 virtus
603 708 707 731 autem
728 708 868 732 actuosa:
895 708 923 732 et
942 702 1027 732 Deus
1043 709 1139 733 vester

244 744 323 774 nihil
343 754 455 785 agens:
484 755 590 785 expers
613 745 732 775 virtutis
754 745 866 785 igitur:
895 745 947 783 ita„
972 755 1010 774 ne
1032 746 1139 775 beatus

242 787 380 827 quidem.
416 787 496 825 Quae
512 799 582 828 ergo
597 788 683 818 vita?
717 788 938 828 Suppeditatio,
955 788 1067 829 inquis,
1084 790 1139 819 bo-

244 840 367 868 norum,
385 831 470 860 nullo
486 832 637 861 malorum
651 831 831 861 interventu.
857 832 999 869 Quorum
1013 831 1135 861 tandem

243 874 420 904 bonorum?
449 874 665 915 Voluptatum,
693 874 801 909 cred0;
831 885 941 915 nempe
965 874 1003 904 ad
1028 885 1136 914 corpus

243 917 472 957 pertinentium.
501 918 630 947 Nullam
647 918 728 947 enim
745 917 879 953 novistis,
896 918 953 947 nisi
969 917 1135 957 profectam

242 970 262 989 a
286 970 419 1000 corpore,
444 966 473 990 et
496 960 671 991 redeuntem
698 960 736 990 ad
761 971 879 1001 corpus,
907 960 1001 990 animi
1026 960 1136 1001 volup-

242 1007 346 1033 tatem.
375 1004 449 1033 Non
465 1003 592 1034 arbitror
607 1010 648 1041 te,
666 1003 776 1039 Vellei,
793 1004 923 1033 similem
941 1014 1003 1034 esse
1019 1003 1135 1043 Epicu-

241 1056 364 1076 reorum
390 1046 599 1087 reliquorumg
633 1057 709 1087 quos
735 1047 847 1087 pudeat
873 1057 977 1076 earum
1004 1046 1133 1086 Epicuri

241 1099 363 1127 vocum,
381 1090 492 1130 quibus
508 1090 559 1120 ille
575 1096 712 1125 testatur,
730 1100 760 1119 se
773 1100 811 1120 ne
826 1090 993 1129 intelligere
1008 1089 1135 1130 quidem

241 1132 342 1162 ullum
358 1134 485 1169 bonum,
508 1133 591 1173 quod
612 1133 650 1163 sit
665 1134 836 1172 sejunctum
852 1144 870 1163 a
884 1133 1019 1163 delicatis
1035 1138 1064 1162 et
1080 1134 1134 1163 ob-

241 1175 346 1205 scoenis
362 1176 590 1216 voluptatibus;
615 1187 690 1216 quas
706 1175 841 1216 quidem,
862 1186 923 1205 non
945 1177 1133 1214 erubescens,

241 1219 433 1259 persequitur
448 1229 552 1249 omnes
567 1219 758 1249 nominatim.
791 1219 894 1256 Quem
911 1219 1013 1249 cibum
1029 1218 1134 1259 igitur,

239 1267 295 1292 aut
309 1272 385 1303 quas
400 1262 546 1302 potiones,
564 1268 617 1292 aut
633 1273 707 1303 quas
728 1273 837 1292 vocum
858 1270 911 1292 aut
929 1262 1064 1292 colorum
1081 1273 1134 1292 va-

240 1305 371 1342 rietates,
388 1311 442 1335 aut
462 1316 538 1346 quos
557 1311 664 1343 tactus,
682 1315 756 1346 quos
778 1306 894 1343 odoreS,
916 1305 1072 1335 adhibebis
1095 1305 1133 1335 ad

240 1347 335 1387 Deos,
352 1354 386 1378 ut
402 1359 450 1378 eos
465 1348 629 1389 perfundas
641 1349 870 1389 voluptatibus?
894 1349 943 1378 Ac
956 1352 1052 1389 pot-'tec
1065 1348 1134 1388 qui-

239 1391 311 1421 dem
335 1397 447 1429 nectar,
472 1392 666 1428 ambrosiam,
692 1393 797 1432 epulas
817 1398 1005 1432 comparant,
1030 1397 1060 1421 et
1080 1397 1135 1421 aut

239 1434 438 1465 Juventatem
460 1440 512 1464 aut
529 1435 740 1476 Ganymedem
763 1436 871 1475 pocula
888 1435 1131 1464 ministrantem:

239 1483 274 1507 tu
289 1483 403 1515 autem,
420 1478 565 1518 Epicure,
587 1478 662 1519 quid
683 1478 795 1508 facies?
818 1488 916 1519 neque
937 1478 1029 1513 enim,
1052 1477 1134 1507 unde

238 1520 350 1551 habeat
365 1521 421 1550 ista
436 1521 522 1551 Deus
540 1527 622 1557 tuus7
639 1521 744 1551 video:
766 1532 831 1558 nec,
848 1521 1001 1562 quomodo
1017 1526 1130 1550 utatur.

242 1563 438 1604 Locupletior
452 1564 546 1604 igitur
561 1564 722 1594 hominum
739 1570 848 1594 natura
870 1564 908 1594 ad
923 1565 1009 1594 beate
1030 1563 1134 1593 viven-

240 1606 317 1636 dum
338 1613 393 1643 est,
418 1618 511 1648 quam
536 1608 686 1645 Deorum,
712 1607 794 1648 quod
816 1607 955 1648 pluribus
974 1605 1134 1647 generibus

241 1649 355 1680 fruitur
370 1651 573 1691 voluptatum.

282 1693 330 1724 At
344 1693 398 1725 has
413 1694 537 1726 leviores
553 1694 637 1726 ducis
658 1694 840 1736 voluptates,
857 1693 969 1736 quibus
989 1692 1077 1734 quasi
1097 1692 1134 1723 ti-

1224 337 1226 416 Ν

1225 451 1226 532 ξ
