1226 1935
236 67 274 96 84
380 66 440 97 DE
465 67 661 105 FINIBUS,
681 67 758 98 Lm.
773 67 813 99 V.
830 67 914 98 CM».
933 69 980 98 18.

233 153 323 183 etiam
339 159 438 194 partes
453 160 574 195 propter
586 165 615 184 se
627 154 738 195 expeti,
750 154 831 194 quod
843 154 1019 184 universum
1028 164 1118 194 prop-

233 201 280 226 ter
295 207 325 226 se
341 202 507 236 expetatur.

278 239 389 276 Quid?
412 240 443 269 in
462 246 548 270 motu
568 245 596 269 et
618 240 649 269 in
669 246 748 270 statu
772 239 901 280 corporis
925 239 1041 269 nihilne
1061 245 1116 277 est,

232 282 315 322 quod
340 282 640 312 animadvertendum
669 293 730 312 esse
753 283 818 323 ipsa
844 288 952 312 natura
978 282 1117 322 judicet?

233 325 492 364 quemadmodum
520 326 587 366 quis
611 326 757 362 ambulet,
784 325 894 362 sedeat,
926 326 979 366 qui
1009 325 1117 355 ductus

231 367 301 405 oris,
319 368 372 408 qui
388 369 488 398 vultus
503 368 534 398 in
551 379 671 409 quoque
687 369 742 398 sit:
769 368 883 398 nihilne
902 374 945 398 est
959 369 991 398 in
1006 368 1053 397 his
1073 378 1119 397 re-

231 411 299 447 bus,
317 411 398 451 quod
414 411 542 451 dignum
557 411 661 448 libero,
679 417 731 440 aut
752 411 924 451 indignum,
946 421 1008 441 esse
1028 411 1119 440 duca-

230 463 300 483 mus
314 455 327 483 ἒ
352 454 464 483 Nonne
478 454 547 484 odio
563 454 668 494 dignos
683 455 796 484 multos
811 460 966 494 putamus,
977 454 1030 494 qui
1043 464 1118 494 quo-

230 496 302 526 dam
318 502 403 526 motu
424 503 476 526 aut
497 503 576 527 statu
593 497 731 527 videntur
746 502 862 526 naturae
881 497 979 536 legem
1001 503 1030 526 et
1052 507 1118 525 mo-

230 538 304 569 dum
322 540 513 569 contemsisse
526 541 540 570 5³
564 540 618 575 Et,
635 540 779 579 quoniam
794 539 859 568 haec
875 539 1066 569 deducuntur
1081 539 1118 569 de

229 592 363 623 corpore,
385 583 459 623 quid
480 588 535 619 est,
557 593 610 612 cur
630 592 690 611 non
713 588 789 612 recte
811 582 1005 622 pulchritudo
1027 582 1117 611 etiam

230 624 296 665 ipsa
311 631 433 665 propter
448 636 478 655 se
493 625 660 666 expetenda
669 625 796 654 ducatur
810 626 823 654 Ρ
849 625 879 654 N
883 635 932 654 am
948 625 973 654 si
988 625 1119 665 pravita-

228 674 290 697 tem
312 668 618 708 imminutionemque
640 668 781 708 corporis,
805 673 925 708 propter
946 678 976 697 se
999 667 1118 708 fugien-

229 710 301 739 dam
328 717 482 751 putamus,
509 721 562 740 cur
585 721 645 740 non
673 710 775 747 etiam,
803 721 837 740 ac
860 710 983 740 fortasse
1008 711 1117 750 inagis,

228 759 351 793 propter
366 764 396 783 se
412 753 517 783 formae
533 753 710 794 dignitatem
728 755 915 794 sequamur?
938 753 992 788 Et,
1015 754 1039 783 si
1055 760 1118 783 tur-

229 795 399 835 pitudinem
424 796 560 836 fugimus
582 797 613 826 in
638 803 716 826 statu
741 803 769 826 et
784 802 869 826 motu
886 796 1026 836 corporis,
1044 796 1118 836 quid

227 845 282 875 est,
294 849 346 868 cur
358 839 614 879 pulchritudinem
625 849 685 868 non
696 849 859 880 sequamur
870 841 883 869 Ρ
907 839 1013 880 Atque
1026 840 1116 869 etiam

227 882 443 919 valetudinem,
464 883 550 919 vires,
568 882 748 912 vacuitatem
770 882 891 918 doloris,
914 892 973 911 non
995 888 1117 923 propter

228 925 390 954 utilitatem
407 925 516 962 solum,
541 925 593 955 sed
609 925 699 955 etiam
715 926 794 965 ipsas
809 931 930 965 propter
946 935 976 954 se
996 931 1117 965 expete-

226 977 305 997 mus.
339 967 495 1005 Quoniam
519 968 599 998 enim
621 974 730 998 natura
750 968 811 997 suis
836 968 977 997 onmibus
1002 968 1115 1008 expleri

226 1011 362 1050 partibus
378 1011 454 1047 vult,
468 1011 549 1041 hunc
561 1017 673 1040 statum
689 1010 818 1051 corporis
834 1021 887 1050 per
902 1021 932 1040 se
947 1010 1047 1051 ipsum
1064 1022 1116 1040 ex-

226 1053 313 1093 petit,
330 1054 383 1094 qui
399 1060 442 1084 est
458 1054 592 1083 maxime
608 1064 623 1083 e
639 1054 747 1083 natura
760 1064 769 1089 ς
794 1064 862 1093 quae
878 1059 941 1083 tota
958 1055 1116 1094 perturba-

225 1102 286 1132 tur,
309 1096 333 1126 si
353 1103 407 1126 aut
428 1107 544 1137 aegrum
565 1107 673 1137 corpus
694 1102 748 1134 est,
771 1102 824 1126 aut
844 1096 936 1135 dolet,
961 1102 1015 1126 aut
1036 1103 1115 1127 caret

225 1139 348 1169 viribus.

276 1182 410 1212 XVIII.
448 1182 618 1213 Videamus
648 1183 742 1212 animi
767 1188 878 1223 partes,
911 1193 1041 1223 quarum
1072 1189 1115 1213 est

225 1224 385 1265 adspectus
407 1225 573 1261 illustrior3
598 1237 667 1266 qum
693 1237 754 1267 quo
779 1232 849 1255 sunt
872 1226 1057 1262 excelsiores,
1079 1237 1114 1256 eo

224 1267 297 1297 dant
313 1268 437 1298 clariora
452 1269 562 1299 indicia
577 1275 702 1299 naturae.
726 1269 847 1298 Tantus
862 1274 905 1298 est
920 1269 1012 1308 igitur
1028 1269 1114 1298 inna-

225 1316 273 1340 tus
299 1311 330 1340 in
352 1312 437 1341 nobis
456 1312 634 1352 cognitionis
657 1322 741 1342 amor
762 1318 791 1341 et
811 1312 953 1348 scientiae,
971 1318 1005 1341 ut
1026 1321 1115 1342 nemo

223 1353 362 1384 dubitare
380 1355 484 1394 possit,
502 1355 576 1395 quin
600 1355 637 1385 ad
662 1366 710 1385 eas
736 1365 781 1384 res
808 1355 969 1384 hominum
993 1361 1112 1391 natura,

222 1397 309 1426 nullo
325 1398 529 1428 emolumento
544 1398 680 1433 invitata,
698 1397 840 1438 rapiatur.
866 1397 1065 1435 videmusne,
1079 1405 1114 1428 ut

223 1439 309 1479 pueri
339 1450 376 1470 ne
406 1441 578 1471 verberibus
609 1441 734 1482 quidem
761 1451 778 1470 a
805 1441 1044 1481 contemplandis
1068 1452 1114 1471 re-

223 1483 281 1511 bus
303 1483 572 1525 perquirendisque
594 1484 825 1514 deterreantur?
849 1490 883 1513 ut
906 1484 987 1523 pulsi
1013 1484 1114 1524 requi·

222 1531 302 1561 rant,
328 1532 356 1555 et
372 1527 487 1567 aliquid
513 1527 586 1557 scire
601 1538 631 1557 sc
651 1526 829 1567 gaudeant?
854 1533 888 1556 ut
907 1526 972 1556 aliis
993 1536 1113 1557 narrare

223 1568 379 1607 gestiant?
404 1576 438 1599 ut
456 1571 580 1611 pompa,
602 1570 693 1606 ludis,
713 1576 804 1610 atque
825 1569 974 1608 ejusmodi
999 1576 1113 1610 specta-

224 1611 300 1640 culis
315 1617 485 1649 teneantur,
502 1615 541 1643 ob
558 1623 686 1654 eamque
701 1624 764 1642 rem
782 1613 827 1643 vel
847 1612 959 1642 famem
981 1619 1010 1642 et
1031 1613 1111 1643 sitim

223 1653 399 1693 perferant?
424 1656 509 1693 Quid
532 1658 625 1686 vero?
650 1656 703 1696 qui
729 1656 868 1696 ingenuis
891 1655 997 1685 studiis
1021 1662 1112 1696 atque

224 1697 338 1729 artibus
354 1698 551 1740 delectantur⁷
568 1709 668 1730 nonne
679 1699 816 1730 videmus
831 1709 881 1730 eos
896 1709 949 1730 nec
966 1699 1112 1729 valetudi-
