1226 1935
205 88 328 121 TUSC.
344 88 517 128 QUAEST.
534 89 614 120 Lm.
632 89 699 120 111.
722 89 806 120 CAr.
823 90 874 119 20.
927 88 986 118 201

143 176 166 192 ‘⁴
184 174 261 206 Haec
275 175 378 205 onmia
392 175 454 205 vidi
469 176 666 213 inflammari,

144 217 268 248 Priamo
283 219 313 248 vi
328 219 421 248 vitam
438 218 553 256 evitari,

142 260 231 291 Jovis
246 271 328 291 aram
346 262 492 302 sanguine
508 262 656 303 turpari.”

102 346 288 377 Praeclarum
304 358 444 378 carmen:
470 354 513 379 est
528 349 609 378 enim
626 354 655 378 et
670 349 770 385 1811115,
787 353 816 378 et
831 347 940 383 verbis,
963 353 992 377 et

98 389 197 419 modis
211 391 350 431 lugubre.
385 391 562 440 Eripiamus
578 391 650 422 huic
665 391 886 432 aegritudinem.
918 391 992 427 Quo

98 432 208 463 modo.
201 434 214 454 ⁹
238 434 449 464 Collocemus
441 444 473 464 m
486 434 594 464 culcita
607 435 751 475 plumea:
769 434 925 475 psaltriam
938 433 987 463 ad-

97 474 263 506 ducamus:
281 477 469 518 hedychrum
482 477 698 507 incendamus:
713 477 820 507 demus
833 477 991 507 scutellam

98 517 257 550 dulciculae
278 520 427 560 potionis.
452 521 569 561 aliquid
590 520 747 551 videamus
763 527 792 551 et
807 520 874 551 cibi.
915 520 992 549 Haec

99 561 222 592 tandem
247 563 326 593 bona
349 570 431 601 sunt,
456 564 568 604 quibus
592 563 784 604 {egritudines
808 563 993 604 gravissimae

99 603 321 636 detrahantur?
346 612 379 636 tu
395 606 488 643 8111111,
511 607 603 647 paulo
619 614 700 643 ante,
723 617 760 636 ne
776 607 943 647 intelligere
963 612 993 635 te

99 647 198 687 quide
192 659 223 678 11
238 649 298 679 alia
313 649 377 679 ulla
391 650 519 680 dicebas.
553 650 701 680 Revocari
716 649 809 690 igitur
824 655 960 690 oportere
974 659 993 678 a

98 699 225 721 moerore
240 692 278 721 ad
301 692 512 733 cogitationem
536 694 698 731 bonorum,
722 693 893 723 conveniret
915 691 993 722 mihi

98 743 168 764 cum
184 734 330 775 Epicuro,
348 736 383 772 51,
400 736 474 777 quid
490 741 565 766 esset
579 737 706 774 bonum,
723 736 902 767 conveniret.

140 776 217 807 XX.
242 778 332 808 Dicet
358 779 487 810 alionis:
519 779 605 817 Quid
633 781 729 820 ergo?
759 786 792 809 tu
819 778 991 820 Epicurum

97 820 251 851 existimas
277 822 334 852 ista
360 822 499 859 voluisse,
527 828 580 852 aut
606 821 781 853 libidinosas
808 823 873 862 ejus
898 822 992 852 fuisse

98 864 284 894 sententias?
308 864 376 904 Ego
393 875 461 895 vero
476 865 623 895 minime:
642 866 728 896 video
743 865 825 895 enim
837 867 875 896 ab
888 875 922 895 eo
934 864 994 895 dici

97 907 196 936 multa
211 918 321 944 severe⁷
338 908 437 938 multa
452 908 603 949 praeclare.
629 908 739 950 Itaque
755 912 803 942 (ut
819 919 897 949 saepe
913 908 992 945 dixi)

97 949 136 980 de
151 951 290 981 acumine
311 951 410 991 agitur
431 952 507 990 ejus,
525 961 586 981 non
602 951 639 981 de
655 952 799 982 moribus.
839 951 992 990 Quamvis

98 999 219 1034 spernat
240 994 409 1034 xoluptates
431 1005 491 1032 835,
514 1005 590 1035 quas
605 995 696 1025 modo
711 994 858 1032 laudavit,
876 1004 931 1035 ego
947 999 993 1024 ta-

98 1045 170 1066 men
191 1037 369 1075 meminero,
393 1037 476 1078 quod
492 1037 628 1068 videatur
643 1038 670 1068 ei
685 1048 843 1068 summum
864 1039 991 1068 bonum.

100 1079 173 1109 Non
193 1080 275 1110 enim
297 1082 386 1110 verbo
407 1081 506 1110 solum
531 1081 632 1122 posuit
652 1082 851 1122 voluptatem,
874 1080 926 1111 sed
941 1091 995 1111 exv

99 1122 245 1163 planavit‚
276 1123 351 1164 quid
375 1123 494 1154 diceret.
534 1126 556 1141 ‘⁶
574 1124 755 1165 Saporeni,''
785 1124 895 1165 inquit,
926 1126 948 1142 ‘⁶
965 1129 994 1153 et

100 1175 258 1206 corporum
274 1167 481 1207 complexum,
498 1172 527 1197 ct
542 1167 630 1198 ludos
646 1173 738 1208 atque
754 1173 870 1205 cantus⁷
887 1173 916 1198 et
932 1167 993 1197 for-

101 1218 166 1238 mas
187 1219 246 1249 eas,
272 1210 383 1251 quibus
404 1210 485 1240 oculi
501 1210 637 1249 jucunde
661 1211 873 1241 moveantur.”
906 1211 994 1240 Num

102 1251 209 1292 fingo?
232 1262 307 1282 num
323 1253 476 1284 mentior?
501 1253 601 1294 Cupio
620 1254 735 1284 refelli:
761 1254 835 1295 quid
851 1253 932 1284 enim
948 1253 994 1283 13-

101 1295 186 1330 11010,
202 1295 260 1326 11151
275 1302 309 1326 ut
324 1296 432 1326 veritas
446 1296 478 1326 in
494 1297 578 1326 omni
594 1297 760 1338 quaestione
775 1297 942 1338 explicetur
953 1298 967 1327 ἶ)

145 1338 192 1368 At
206 1338 287 1369 idem
307 1339 359 1377 ait,
381 1350 442 1370 non
458 1350 586 1370 crescere
602 1340 802 1381 voluptatem,
825 1340 927 1370 dolore
941 1339 995 1370 de-

102 1383 217 1417 tiact0;
242 1392 455 1423 summamque
470 1383 669 1424 voluptatem,
686 1383 763 1413 nihil
779 1383 888 1414 dolere.
913 1383 996 1413 Pau-

104 1424 145 1454 cis
166 1425 263 1455 verbis
282 1425 340 1455 tria
359 1436 472 1466 magna
492 1432 633 1475 peccata:
658 1436 768 1475 unum,
790 1427 872 1468 quod
893 1436 995 1457 secum

103 1467 166 1508 ipse
187 1475 323 1508 pugnat:
346 1469 438 1500 1110ᾶο
460 1470 553 1507 enim,
578 1479 616 1500 ne
643 1469 788 1510 suspicari
814 1470 939 1510 quidem
965 1479 997 1499 se

103 1510 274 1551 quidquam
288 1513 416 1549 bonum,
439 1512 497 1543 nisi
513 1523 616 1543 sensus
631 1513 718 1554 quasi
733 1513 928 1543 titillarentur
943 1523 996 1542 10-

104 1554 240 1594 luptate;
258 1564 340 1585 nunc
355 1561 469 1593 autem,
486 1565 639 1586 summam
652 1557 839 1597 voluptatem
853 1567 925 1593 esse,
942 1555 996 1585 do-

104 1597 167 1626 lore
192 1607 310 1627 carere:
334 1604 471 1638 potestne
495 1599 593 1639 magis
620 1609 721 1629 secum
747 1599 811 1640 ipse
833 1600 996 1647 pugnare?

101 1640 247 1672 Alterum
268 1647 436 1681 peccattun⁷
457 1642 551 1682 quod,
573 1653 643 1673 cum
662 1643 694 1672 in
715 1643 825 1672 natura
840 1642 896 1672 tria
912 1642 993 1676 sint,

105 1693 215 1720 unum,
232 1683 384 1724 gaudere;
407 1684 549 1723 alterum,
565 1685 685 1721 dolereg
702 1685 837 1723 tertium,
854 1695 908 1715 nec
923 1695 999 1725 gau-⁴

103 1726 173 1757 dere
193 1736 247 1757 nec
263 1727 383 1764 dolere;
406 1727 456 1758 hic
477 1729 613 1769 primum
629 1734 658 1758 et
673 1729 796 1759 tertium
811 1734 900 1769 putat
914 1728 995 1757 idem

104 1779 178 1806 esse,
202 1780 256 1801 nec
272 1770 430 1812 distinguit
446 1781 464 1802 a
478 1781 539 1802 non
554 1771 683 1803 dolendo
699 1772 896 1812 voluptatem.
920 1770 950 1801 T
953 1781 998 1801 81·-
