1226 1935
194 106 259 140 270
324 103 448 136 TUSC.
466 102 639 142 QUAEST.
656 102 736 134 Lm.
750 104 791 136 V.
804 103 889 136 CAP.
910 105 955 137 19.

199 190 342 232 spectatio
353 202 362 220 2
386 190 418 220 in
434 200 526 231 quem
538 196 642 221 autem
656 196 768 229 metus,
784 190 815 221 in
829 190 971 221 eumdem
992 189 1097 220 formi-

200 234 251 272 do,
275 233 433 271 timiditas,
455 243 559 274 pavor,
576 233 718 274 ignavia:
742 244 824 274 ergo,
841 240 876 264 ut
889 234 971 264 idem
992 234 1098 264 vinca·

200 283 251 307 tur
267 276 434 325 interdum,
450 287 505 307 nec
516 283 603 317 putet
618 276 656 306 ad
672 287 703 307 se
714 283 899 318 praeceptum
915 277 994 307 illud
1008 275 1098 306 Atrei

204 326 364 361 pertlnere,
382 326 386 327 ⁷

246 380 268 396 ‘⁶
283 378 415 408 Proinde
426 378 468 408 ita
483 384 589 419 parent
604 389 635 409 se
646 378 677 409 in
688 379 761 417 vita,
772 384 806 408 ut
817 379 896 410 vinci
908 380 1077 410 nesciant-'⁹

204 450 266 480 Hic
287 455 389 480 autem
415 449 562 486 vincetur,
590 455 625 479 ut
647 449 731 479 dixi:
757 458 811 479 nec
837 449 927 479 modo
948 449 1096 488 vincetur,

202 493 255 523 sed
271 493 362 523 etiam
379 492 495 522 serviet.
534 492 581 521 At
597 502 651 522 nos
667 492 810 522 virtutem
831 502 949 532 semper
968 493 1097 522 liberam

203 536 356 573 volumus,
377 545 494 575 semper
513 535 668 565 invictam.
703 536 784 572 Quae
799 535 856 564 nisi
879 541 960 573 sunt,
977 535 1098 565 sublata

202 579 299 609 virtus
315 584 368 608 est.

246 621 358 662 Atqui,
370 620 395 650 si
411 620 441 650 in
453 620 563 650 virtute
579 620 649 650 satis
665 625 709 650 est
720 620 851 660 praesidii
861 619 899 650 ad
909 622 985 651 bene
994 621 1097 651 viven-

202 664 290 700 dum,
308 664 378 693 satis
394 670 437 694 est
452 664 543 693 etiam
559 663 597 693 ad
612 665 707 693 beate.
733 664 811 693 Satis
827 671 870 694 est
882 664 962 693 enim
975 670 1052 694 certe
1065 664 1097 694 in

204 707 325 744 virtute,
357 712 391 736 ut
421 707 536 737 fortiter
570 706 726 736 vivamus:
753 707 776 736 si
791 706 917 743 fortiter,
946 706 1036 736 etiam
1063 712 1098 737 ut

205 760 317 790 niagno
333 749 446 787 animo,
464 755 493 779 et
508 749 633 789 quidem
649 754 683 778 ut
695 749 781 779 nulla
794 760 825 779 re
837 759 974 790 unquam
987 756 1097 779 terrea-

204 803 286 831 mur,
314 803 493 833 semperque
519 792 613 822 simus
639 792 752 822 invicti.
776 792 945 832 -Sequitur,
963 800 998 822 ut
1020 793 1097 822 1111111

204 836 358 877 poeniteat,
376 835 452 865 nihil
468 835 554 871 desit,
579 835 656 864 nihil
671 836 777 865 obstet.
810 835 894 875 Ergo
910 836 1012 865 onmia
1027 846 1096 876 pro-

205 879 345 915 fluenter,
362 879 508 915 absolute,
526 888 686 918 prospere:
711 878 804 918 igitur
819 879 914 908 beate.
951 879 1028 909 Satis
1040 889 1095 908 au-

205 928 279 959 tem,
292 922 331 951 ad
343 921 458 951 fortiter
474 921 649 957 vivendum,
674 921 767 951 virtus
790 927 905 961 potest:
931 922 1001 952 satis
1024 932 1095 962 ergo

205 965 297 995 etiam
313 965 351 994 ad
366 966 460 994 beate.
484 964 621 1001 Etenim,
639 970 674 993 ut
694 964 831 1001 stultitia,
850 964 903 994 etsi
919 964 1028 1005 adepta
1051 971 1095 995 est

205 1007 288 1049 quod
304 1007 485 1048 concupivit,
508 1016 667 1047 nunquam
688 1017 718 1036 se
739 1013 839 1037 tamen
861 1008 930 1037 satis
954 1017 1094 1038 consecu-

205 1057 269 1081 tam
284 1056 391 1091 putat;
417 1050 458 1080 sic
473 1050 619 1090 sapientia
635 1060 751 1090 semper
763 1060 796 1079 eo
809 1056 947 1080 contenta
959 1056 1002 1080 est
1012 1051 1094 1091 quod

206 1094 301 1131 adest,
319 1104 417 1134 neque
432 1103 497 1123 eam
513 1103 650 1134 unquam
667 1093 713 1123 sui
728 1093 861 1133 poenitet.

248 1137 344 1167 XIX.
380 1136 558 1167 Similemne
580 1142 668 1176 putas
684 1135 719 1166 C.
738 1136 826 1165 Laehi
842 1146 939 1166 unum
955 1137 1093 1167 consula-

206 1185 273 1210 tum
297 1179 399 1216 fuisse,
417 1184 446 1209 et
472 1190 542 1209 eum
565 1179 689 1220 quidem
712 1189 781 1209 611111
805 1180 936 1219 repulsit,
960 1190 1030 1209 611111
1054 1181 1092 1210 L.

207 1223 315 1253 Cinnae
326 1229 456 1263 quatuor
470 1224 482 1252 Ρ
508 1222 556 1260 (si,
574 1232 643 1252 611111
656 1222 773 1262 sapiens
789 1228 817 1252 et
832 1223 929 1252 bonus
944 1223 1000 1259 vir,
1017 1234 1093 1263 qua-

204 1266 242 1296 lis
257 1266 308 1296 ille
323 1266 392 1303 fuit,
409 1265 558 1305 suffragiis
573 1265 751 1305 praeteritur,
765 1275 824 1295 non
837 1266 968 1306 populus
983 1276 1000 1295 a
1016 1267 1094 1296 bono

207 1310 328 1339 consule
347 1308 458 1349 potius,
476 1318 568 1348 quam
590 1308 640 1338 ille
663 1318 681 1337 a
701 1308 782 1337 malo
794 1309 918 1349 populo,
941 1309 1093 1349 repulsam

207 1352 288 1390 fert).
312 1352 371 1382 Sed
388 1358 488 1381 tamen
504 1357 608 1381 utrum
624 1351 742 1388 malles,
760 1357 799 1388 te,
822 1351 845 1381 si
860 1357 990 1391 potestas
1006 1358 1092 1390 esset,

208 1395 311 1432 semel,
329 1400 363 1424 ut
380 1394 523 1432 Laelium,
540 1394 706 1430 consulem,
730 1404 780 1431 an,
797 1400 832 1424 ut
853 1394 996 1431 Cinnam,
1018 1406 1093 1435 qua-

208 1440 279 1468 ter?
304 1438 377 1467 Non
392 1437 509 1473 dubito,
534 1443 566 1467 111
589 1437 663 1478 quid
685 1447 879 1477 responsurus
900 1437 948 1467 sis.
984 1438 1094 1479 Itaque

208 1481 306 1518 video,
322 1480 370 1510 cui
392 1480 590 1510 committam.
624 1480 697 1510 Non
718 1480 855 1520 quemvis
875 1481 931 1510 hoc
952 1480 1031 1511 idem
1048 1481 1094 1511 in-

209 1529 390 1564 terrogarem
405 1535 412 1553 :
438 1523 628 1563 responderet
648 1523 730 1553 enim
745 1523 822 1553 alius
836 1523 970 1561 fortasse,
988 1535 1018 1554 se
1034 1534 1093 1555 non

208 1566 299 1596 modo
315 1572 444 1607 quatuor
459 1567 631 1596 consulatus
654 1566 707 1595 uni
723 1572 913 1607 anteponere,
930 1567 981 1597 sed
996 1577 1093 1597 unum

209 1609 290 1639 diem
314 1610 420 1639 Cinnae
444 1610 612 1639 multorum
638 1615 667 1639 et
692 1609 841 1639 clarorum
865 1610 998 1640 virorum
1025 1610 1094 1640 totis

210 1653 357 1683 aetatibus.
392 1652 517 1689 Laelius,
539 1652 563 1682 si
583 1652 677 1692 digito
700 1663 791 1692 quem
814 1652 970 1693 attigisset,
991 1663 1094 1693 poenas

210 1695 346 1725 dedisset.
382 1697 427 1725 At
443 1695 552 1744 Cinna,
570 1696 691 1735 collegae
706 1695 763 1732 sui,
780 1695 909 1726 consulis
925 1696 982 1726 Cn
1000 1696 1093 1726 Octa-

211 1738 263 1773 vii,
282 1739 403 1779 praecidi
421 1745 511 1779 caput
528 1738 627 1777 jussit,
646 1738 682 1768 Ρ.
703 1738 814 1776 Crassi,
832 1739 868 1769 L.
886 1738 1023 1776 Caesaris,
1039 1749 1093 1769 no-

211 1781 426 1812 bilissimorum
442 1781 615 1841 11011111111111,
641 1792 771 1822 quorum
788 1782 881 1813 virtus
899 1781 997 1813 fuerat
1011 1782 1095 1813 domi
