1226 1935
258 48 320 81 DE
344 48 542 89 FINIBUS,
567 48 647 80 Lm.
665 48 725 80 IV.
749 47 833 80 ΟΜ».
851 49 901 79 23.
985 50 1026 80 55

138 135 316 167 interesset?
347 136 401 167 Sin
426 141 529 167 autem
553 146 602 167 eos
622 145 683 166 non
703 136 861 176 probabat,
886 134 960 175 quid
981 141 1026 165 at-

137 179 238 214 tinuit,
255 189 325 209 cum
341 179 388 215 iis,
405 180 587 220 quibuscum
603 189 634 209 re
649 179 835 215 concinebat,
852 179 949 208 verbis
964 178 1024 208 dis-

136 232 257 262 crepare
268 224 282 252 ?
306 222 392 259 Quid
415 222 441 252 si
461 222 638 252 reviviscant
659 221 806 252 Platonici
822 221 878 255 illi,
895 227 924 251 et
940 221 1024 250 dein-

136 274 204 305 ceps
224 264 278 305 qui
299 275 402 295 eorum
423 265 573 295 auditores
593 265 728 301 fuerunt,
752 270 781 295 et
801 270 900 294 tecum
922 264 964 293 ita
979 265 1024 294 lo-

136 313 270 348 quantur
281 309 295 338 ?
319 311 342 326 “
359 308 436 343 Nos,
457 318 526 338 cum
547 314 587 345 te,
605 308 654 337 Μ.
666 308 753 344 Cato,
770 306 1022 337 studiosissimum

136 350 346 391 philosophiae,
367 351 569 390 justissimum
584 351 696 388 virum,
712 350 864 391 optimum
877 349 1023 388 judicem,

136 393 393 432 religiosissimum
410 400 515 424 testem
536 393 720 431 audiremus,
745 393 886 423 admirati
907 403 1023 429 sumus,

136 435 211 476 quid
226 442 311 472 esset,
329 446 381 466 cur
395 437 481 467 nobis
497 437 613 467 sto'icos
628 437 799 472 anteferres,
816 436 870 476 qui
885 435 922 465 de
937 436 1026 465 rebus

135 478 222 508 bonis
243 487 273 509 et
291 479 380 509 malis
401 480 543 510 sentirent
563 490 608 517 ea,
633 490 703 520 quae
723 480 761 509 ab
781 479 838 508 hoc
860 478 1026 508 Polemone

136 521 220 551 Zeno
235 528 433 562 cognoveratg
458 523 632 553 nominibus
648 528 803 553 uterentur
817 522 865 559 iis,
882 532 951 562 quae
962 521 1024 562 pri-

135 564 188 594 ma
202 565 298 605 specie
313 565 555 603 admirationem,
579 576 610 596 re
626 565 776 606 explicata
790 565 896 602 risum,
920 574 1024 594 move-

134 613 210 637 rent.
255 607 307 637 Tu
328 614 441 645 autem,
463 609 488 639 si
509 609 563 639 tibi
582 608 635 639 illa
650 609 867 649 probabantur,
889 618 942 637 cur
962 617 1024 637 non

135 650 263 691 propriis
283 651 381 681 verbis
400 651 453 681 illa
473 653 615 682 tenebas.
608 659 619 673 ν
643 652 696 682 δίη
713 657 742 681 te
760 651 921 680 auctoritas
941 660 1024 680 com-

133 694 285 730 movebat,
308 694 433 724 nobisne
456 695 610 732 omnibus,
636 700 665 724 et
690 694 812 724 Platoni
832 693 900 734 ipsi,
924 693 1024 724 nescio

132 747 225 777 quem
240 736 329 766 illum
344 739 571 777 anteponebas?
594 737 758 778 praesertim
781 746 851 767 cum
876 737 907 766 in
933 747 1024 777 repu-

133 779 211 810 blica
221 779 359 820 princeps
371 790 433 810 esse
448 781 549 816 velles,
573 780 611 809 ad
628 790 755 821 eamque
771 779 927 817 tuendam,
951 789 1022 809 cum

131 832 254 853 summa
274 822 327 852 tua
347 822 504 862 dignitate
526 823 661 853 maxime
681 833 699 852 a
714 823 800 853 nobis
816 822 915 852 ornari
931 828 1023 863 atque

130 865 239 895 instrui
263 867 388 905 posses?
422 865 520 895 Nobis
546 865 628 895 enim
654 866 712 895 ista
733 865 871 913 quaesita,
895 876 914 894 a
935 865 1022 895 nobis

128 908 287 948 descripta,
312 914 426 944 notata,
453 914 602 949 praecepta
627 914 716 938 sunt:
745 908 946 948 omniumque
972 919 1019 938 re-

129 951 391 992 rumpublicarum
403 951 556 989 rectiones,
569 961 689 992 genera,
703 957 810 988 status,
823 951 1017 988 mutationes,

130 995 211 1035 leges
231 993 375 1032 etiam,e
359 999 388 1024 et
414 994 562 1031 instituta,
587 1005 622 1024 ac
642 1004 740 1024 mores
761 994 929 1031 civitatum,
953 1004 1022 1034 per-

130 1037 314 1078 scripsimus.
345 1036 538 1077 Eloquentiae
566 1047 646 1074 vero,
677 1047 747 1078 quae
776 1042 806 1068 et
834 1037 1022 1078 principibus

133 1080 270 1110 maximo
289 1086 466 1110 ornamento
485 1086 540 1116 est,
562 1086 591 1110 et
612 1091 674 1121 qua
692 1086 721 1110 te
736 1080 908 1109 audivimus
924 1080 1023 1110 valere

134 1123 316 1164 plurimum,
341 1129 492 1164 quantum
507 1123 563 1154 tibi
578 1133 616 1154 ex
630 1123 826 1154 monimentis
841 1123 948 1154 nostris
969 1123 1022 1153 ad-

132 1166 257 1196 didisses
268 1165 301 1196 !'’

175 1209 225 1240 Ea
244 1219 314 1239 cum
334 1209 491 1249 dixissent,
513 1210 588 1251 quid
608 1210 731 1241 tandem
746 1210 858 1241 talibus
879 1209 951 1240 viris
975 1221 1022 1241 re-

134 1252 294 1293 sponderes
306 1254 320 1283 ἲ
337 1253 489 1294 Rogarem
505 1258 546 1291 te,
558 1254 669 1294 inquit,
683 1259 718 1283 ut
731 1253 842 1284 diceres
856 1264 911 1294 pro
926 1264 976 1284 me
987 1259 1021 1284 tu

133 1296 226 1334 idem,
243 1295 297 1336 qui
311 1295 370 1325 illis
385 1297 550 1327 orationem
566 1297 747 1333 dictavisses,
765 1297 812 1326 vel
824 1296 924 1337 potius
944 1307 1021 1337 pau-

134 1339 199 1369 lum
219 1339 278 1369 loci
296 1338 385 1376 mihi,
406 1345 442 1369 ut
460 1339 507 1370 his
522 1339 744 1380 responderem,
761 1339 857 1377 dares,
874 1339 931 1369 nisi
948 1345 977 1369 et
992 1346 1022 1370 te

133 1381 238 1412 audire
261 1391 342 1412 nunc
361 1383 497 1421 mallem,
514 1389 544 1413 et
558 1382 621 1413 istis
637 1388 738 1412 tamen
753 1382 812 1412 alio
828 1388 962 1424 tempore
976 1393 1023 1413 re-

132 1435 296 1465 sponsurus
311 1435 416 1462 essem,
433 1431 500 1455 tum
515 1425 637 1462 scilicet,
654 1435 723 1456 cum
739 1425 804 1455 tibi.

175 1467 308 1498 XXIII.
330 1468 442 1508 Atqui,
459 1469 483 1498 si
495 1479 600 1499 verum
615 1479 656 1498 re
658 1483 670 1496 .·
679 1468 794 1498 ondere
809 1468 911 1506 velles,
929 1468 1018 1503 Cato,

131 1511 196 1541 haec
210 1516 295 1541 erant
309 1510 445 1549 dicenda,
457 1511 530 1542 Non
546 1522 596 1542 eos
611 1512 666 1542 tibi
681 1521 741 1541 non
757 1513 909 1552 probatos,
927 1512 1018 1542 tantis

129 1553 258 1594 ingeniis
274 1553 423 1591 homines,
445 1554 591 1595 tantaque
610 1555 806 1590 auctoritate3
831 1554 882 1584 sed
902 1560 931 1584 te
952 1555 1018 1584 ani-

128 1596 332 1634 madvertisse,
345 1607 420 1637 quas
432 1608 477 1628 res
489 1597 533 1627 illi
548 1603 670 1638 propter
681 1597 892 1638 antiquitatem
908 1608 1017 1638 parum

129 1639 283 1676 vidissent,
299 1649 348 1669 eas
359 1650 378 1669 a
389 1640 497 1670 Stoicis
512 1651 574 1670 esse
588 1647 776 1681 perspecta53
794 1640 967 1681 eisdemque
982 1640 1020 1670 de

130 1684 218 1712 rebus
232 1682 287 1712 hos
302 1687 368 1712 tum
383 1683 500 1713 acutius
515 1683 698 1722 disseruisse,
721 1690 785 1713 tum
808 1683 931 1713 sensisse
949 1693 1019 1723 gra-

131 1725 197 1756 vius
212 1731 241 1756 et
255 1724 372 1764 fortius,
397 1726 510 1768 quippe
525 1726 579 1767 qui
593 1726 728 1768 primum
745 1726 949 1758 valetudinem
963 1727 1018 1758 bo-
