1226 1935
219 74 262 105 96
361 72 423 105 DE
448 73 645 112 FffllssUS,
663 73 742 104 Lm.
757 73 797 105 V.
817 73 899 104 CAP.
917 74 967 104 26.

220 169 314 200 quam
339 169 357 189 a
383 159 486 190 Stasea
512 160 709 190 dicebantur:
746 170 934 201 quamquain
962 169 1016 199 ego
1042 169 1103 189 non

219 212 333 242 queero,
350 202 424 243 quid
439 203 494 233 tibi
515 213 533 232 a
547 213 596 232 1110
611 204 771 243 probatum
794 203 842 239 sit,
859 203 910 232 sed
932 202 1002 232 huic
1019 202 1103 233 Cice-

219 245 285 274 roni
301 251 411 283 nostro,
429 256 518 285 quem
535 245 717 286 discipulum
734 246 822 286 cupio
838 256 855 275 a
871 252 899 275 te
914 245 1070 275 abducere.

263 288 390 318 XXVI.
416 288 501 318 Tum
519 288 644 324 Lucius,
662 289 744 318 Mihi
766 299 834 318 vero
854 288 911 318 ista
932 288 1018 317 valde
1029 299 1103 328 *pro-

219 332 290 360 bata
305 336 395 366 sunt;
419 331 500 371 quod
516 331 588 361 item
604 331 688 360 fratri
703 337 786 371 puto.
819 331 904 360 Tum
924 331 1001 360 mihi
1020 330 1102 367 Piso,

218 373 305 411 Quid
321 375 415 413 ergo?
439 374 559 414 inquit.
584 374 676 404 dasne
696 374 875 404 adolescenti
896 374 1040 403 veniam?
1065 383 1103 403 an

220 426 291 446 eum
308 416 419 447 discere
440 427 474 446 ea
494 427 600 453 1111115,
624 427 781 465 (11110.ου111
799 417 939 457 praeclare
955 416 1102 453 didicerit,

220 459 296 488 nihil
312 459 411 490 sciat?
436 459 504 499 Eoo
526 470 593 489 vero
609 459 669 497 isti,
694 460 725 488 111
717 469 831 500 quam,
859 459 1008 500 permitto.
1043 439 1103 489 Sed

218 511 319 532 nonne
334 502 509 539 meministi,
526 502 603 531 mihi
622 502 710 532 licere
724 503 850 542 probare
865 502 932 538 ista,
950 512 1018 542 quae
1033 508 1104 531 sunt

217 555 237 574 a
252 550 280 574 te
295 545 399 575 dicta?
416 545 483 586 quis
497 545 577 575 enim
588 551 686 585 potest
699 555 743 582 ea,
757 555 826 585 quae
840 544 1008 593 probabilia
1020 544 1102 574 vidc-

218 593 309 617 antur
331 587 369 625 ei,
387 598 447 618 non
467 589 617 628 probare?
641 588 695 616 An
712 597 791 623 vero,
813 587 923 627 inquit,
941 587 1102 627 quisquam

217 636 315 670 potest
335 632 472 671 probare,
494 630 576 670 quod
596 636 782 670 perceptum,
804 630 885 670 quod
908 630 1104 670 comprehcn-

217 683 298 710 sum,
315 673 397 713 quod
413 673 567 713 cognitum
583 682 644 702 non
665 673 775 703 habet
769 675 782 694 '³
807 673 879 702 Non
901 679 945 703 est
965 672 1031 710 ista,
1056 672 1102 702 in-

217 726 323 756 quam,
336 716 419 752 Piso,
435 726 547 755 magna
562 715 713 746 dissensio.
748 715 836 745 Nihil
852 721 895 745 est
910 715 990 745 enim
1007 715 1101 752 aliud,

217 760 418 798 quamobrem
439 759 516 788 nihil
537 758 649 799 percipi
673 758 749 788 mihi
769 769 854 798 posse
875 758 1022 794 videatur,
1044 738 1102 788 nisi

217 801 298 841 quod
315 801 497 842 percipiendi
513 802 556 831 vis
572 801 614 831 ita
629 801 770 831 definitur
785 812 802 831 a
818 802 935 839 Stoicis,
948 809 981 830 ut
993 807 1103 841 negent

217 844 386 885 quidquam
402 855 488 885 posse
506 844 629 884 percipi,
646 844 703 873 nisi
724 844 783 874 tale
798 855 915 880 verum,
937 844 1026 885 quale
1046 844 1103 873 fal-

217 897 286 917 sum
302 898 363 917 esse
379 897 438 917 non
453 887 555 927 possit.
580 887 689 927 Itaque
700 887 763 917 haec
779 887 920 917 cumillis
935 893 978 917 est
990 886 1102 916 dissen-

217 930 272 966 sio,
290 941 359 960 cum
377 930 581 970 Peripateticis
602 930 686 959 nulla
702 940 781 959 sane.
816 929 875 959 Sed
898 930 962 960 haec
981 930 1102 959 omitta-

217 983 287 1003 mus
300 984 309 1008 3
333 973 445 1003 habent
458 973 538 1003 enim
551 978 580 1003 01
595 974 670 1003 bene
682 973 805 1013 longam
818 978 847 1003 et
859 973 928 1003 satis
939 972 1101 1012 litigiosam

215 1015 461 1055 disputationem.

262 1059 345 1088 Illud
357 1059 433 1089 mihi
445 1070 462 1089 a
474 1065 502 1089 te
512 1059 642 1089 nimium
655 1058 829 1089 festinanter
844 1059 958 1089 dictum
971 1059 1100 1096 videtur,

217 1102 365 1142 sapientes
391 1112 494 1132 omnes
519 1113 581 1132 esse
610 1112 727 1142 semper
753 1104 877 1137 beatos;
905 1102 1015 1135 (nescio
1040 1112 1101 1142 quo

218 1145 309 1174 modo
332 1145 551 1185 prsetervolavit
573 1145 680 1181 oratio)
708 1145 789 1185 quod
816 1145 873 1174 11151
898 1145 941 1175 ita
963 1144 1100 1181 efficitur,

219 1198 289 1228 quae
312 1187 540 1228 Theophrastus
561 1188 598 1218 de
622 1188 754 1224 fortunii,
779 1188 816 1217 de
840 1188 951 1225 dolore,
977 1187 1014 1217 de
1034 1198 1101 1217 cru-

218 1231 298 1260 ciatu
322 1231 451 1271 corporis
474 1231 562 1267 dixit,
590 1241 660 1261 cum
684 1231 794 1271 quibus
817 1230 960 1270 conjungi
982 1232 1101 1260 beatam

219 1273 312 1303 vitam
329 1275 413 1303 nullo
429 1274 519 1304 modo
535 1284 619 1314 posse
634 1273 762 1314 putavit,
780 1284 881 1303 vereor
896 1284 933 1303 ne
949 1284 1017 1303 vera
1032 1273 1101 1303 siut.

219 1316 304 1346 Nam
314 1316 390 1346 illud
407 1317 597 1347 vehementer
608 1323 767 1357 repugnat,
781 1316 922 1346 eumdem
940 1323 967 1346 et
980 1318 1102 1346 beatum

219 1369 291 1396 esse,
318 1365 347 1389 et
371 1360 475 1389 multis
501 1360 588 1389 malis
615 1370 801 1400 oppressum.
832 1359 907 1389 Haec
931 1359 1103 1399 quomodo

217 1402 406 1439 conveniant,
433 1412 494 1432 non
519 1413 589 1432 saue
614 1402 758 1442 intelligo,
794 1402 907 1432 Utrum
932 1402 1023 1441 igitur
1049 1401 1103 1431 tibi

218 1454 278 1474 non
300 1445 408 1486 placet,
424 1445 535 1486 inquit,
556 1445 673 1475 virtutis
694 1451 810 1475 tantam
832 1445 894 1474 vim
915 1455 987 1481 esse,
1010 1450 1045 1474 ut
1066 1444 1104 1474 ad

219 1488 304 1518 beate
320 1488 484 1518 vivendum
500 1499 530 1518 se
545 1488 610 1528 ipsa
626 1494 765 1518 contenta
780 1488 817 1518 sit
830 1489 843 1517 :³
867 1498 917 1523 an,
938 1488 962 1517 si
984 1487 1015 1516 id
1036 1498 1104 1527 pro-

218 1531 283 1567 bas,
300 1531 342 1561 ita
357 1530 420 1561 fieri
435 1542 521 1571 posse
537 1541 638 1571 negas,
656 1537 690 1560 ut
710 1531 731 1560 ii
753 1531 806 1571 qui
822 1530 939 1560 virtutis
955 1537 1106 1570 compotes

221 1573 291 1611 sint,
306 1574 397 1604 etiam
412 1574 500 1604 11111115
516 1574 699 1614 quibusdam
715 1573 823 1611 affecti,
834 1573 913 1603 beati
929 1573 988 1603 sint
1001 1575 1014 1604 ἓ
1038 1573 1107 1613 Ego

220 1626 290 1646 vero
305 1617 373 1647 volo
388 1617 420 1646 in
436 1617 546 1647 virtute
561 1617 623 1647 vim
641 1627 702 1646 esse
717 1627 811 1656 quam
832 1616 1019 1646 maximam:
1044 1616 1106 1652 sed,

219 1665 334 1699 quanta
350 1659 401 1697 sit,
418 1660 510 1690 alias:
536 1670 616 1690 nunc
631 1666 762 1695 tantum,
779 1659 910 1699 possitne
930 1670 992 1689 esse
1013 1664 1106 1695 tanta,

219 1702 243 1732 si
259 1703 376 1743 quidqu
386 1713 436 1734 am
452 1709 537 1733 extra
553 1703 693 1733 virtutem
708 1702 855 1732 habeatur
869 1702 900 1731 in
916 1702 1011 1732 bonis.

260 1746 371 1787 Atqui,
400 1746 513 1788 inquit,
530 1746 554 1778 si
577 1746 683 1778 Stoicis
704 1745 848 1784 concedis,
872 1751 906 1775 ut
924 1745 1017 1776 virtus
1039 1744 1113 1783 sola,
