1226 1935
211 74 255 104 52
337 74 398 105 DE
423 74 621 115 FINIBUS,
647 76 726 108 Lm.
745 76 804 108 IV.
828 76 912 108 CAP.
930 78 982 109 20.

214 160 360 200 putabit?
377 161 428 192 Ex
443 163 533 193 rebus
548 162 629 193 enim
645 162 802 201 timiditas,
819 173 879 193 non
891 174 928 194 ex
941 162 1105 200 vocabulis,

218 203 359 234 nascitur.
398 204 440 235 Et
455 206 509 242 ais,
523 206 547 236 si
559 216 621 236 una
632 206 718 236 litera
730 213 881 236 commota
896 206 945 244 sit,
958 205 1032 243 fore,
1045 211 1108 236 tota

216 251 251 276 ut
262 246 344 277 labet
358 247 525 296 disciplina.
549 248 663 279 Utrum
679 249 772 289 igitur
788 249 843 279 tibi
856 249 975 279 literam
991 249 1106 285 videor,

218 298 257 318 an
274 295 349 319 totas
362 291 498 330 paginas,
509 301 717 322 commovere
710 294 723 313 '²
747 292 792 321 Ut
803 293 884 321 enirn
897 292 935 321 sit
946 291 1028 332 apud
1039 291 1107 321 illos

216 331 272 368 (id,
290 333 371 373 quod
384 340 427 363 est
442 345 460 363 a
472 340 499 364 te
514 334 686 371 laudatum)
699 335 771 364 ordo
787 345 887 364 rerum
900 340 1103 371 conservatus,

216 380 246 404 et
261 385 332 405 011111
335 376 364 405 ia
378 376 456 406 inter
471 388 501 407 se
522 384 593 417 apta
608 384 636 407 et
651 387 786 407 connexa
801 377 855 410 (sic
873 378 954 407 enim
976 377 1102 413 aiebas),

215 422 319 447 tamen
339 420 478 460 persequi
498 429 558 449 non
582 420 738 457 debemus,
761 420 785 450 si
808 431 826 450 a
847 420 929 450 falsis
949 419 1105 460 principiis

215 460 349 500 profecta
364 469 534 503 congruunt
549 462 614 504 ipsa
626 463 693 501 sibi,
711 469 739 493 et
755 474 772 493 a
783 463 935 504 proposito
946 473 1007 493 non
1020 464 1106 493 aber-

215 509 294 533 rant.

260 547 298 577 In
314 547 414 588 prima
429 548 521 588 igitur
536 549 758 586 constitutione,
777 550 859 579 Zeno
875 555 946 579 tuus
964 560 982 578 a
996 547 1107 578 natura

214 590 354 626 recessit3
378 601 511 631 eumque
531 602 687 622 summum
709 593 824 622 bonum
845 592 993 632 posuisset
1012 591 1043 621 in
1059 591 1106 620 in-

215 632 297 672 genii
313 634 497 674 praestantiir,
514 645 607 675 quam
624 635 766 664 virtutem
782 645 936 671 vocamus,
949 644 1004 664 nec
1016 633 1106 674 quid-

216 685 309 715 quam
331 676 414 706 aliud
430 678 544 707 bonum
561 688 623 707 esse
638 677 772 716 dixisset,
792 678 850 707 nisi
864 677 946 718 quod
961 683 1036 707 essct
1050 676 1105 706 ho-

214 724 347 755 nestum,
369 729 423 749 nec
443 719 586 750 virtutem
609 730 696 761 posse
715 726 861 757 constare,
887 720 912 750 si
935 720 966 749 in
991 719 1105 750 caeteris

213 762 303 791 rebus
323 767 397 791 esset
419 762 598 803 quidquam,
616 763 698 803 quod
716 764 800 793 aliud
820 764 879 794 alio
898 763 1007 793 melius
1028 768 1104 792 esset

214 809 267 833 aut
278 805 383 844 pejus:
401 804 448 835 his
458 806 627 846 propositis,
639 807 736 836 tenuit
747 817 868 847 prorsus
880 805 1101 854 consequentia.

215 846 311 877 Recte
326 847 408 877 dicis.
433 848 554 889 Negare
570 849 651 879 enim
666 859 727 880 non
743 860 875 890 possum.
900 849 959 879 Sed
974 849 1016 878 ita
1027 848 1103 878 falsa

213 896 285 920 sunt
302 901 336 920 ea
351 901 419 931 quae
434 898 669 933 consequuntur,
682 899 717 922 ut
729 892 791 930 illa,
806 902 821 922 e
833 893 944 940 quibus
955 892 1020 921 haec
1031 896 1103 920 nata

215 939 296 971 sunt,
319 943 388 963 vera
409 944 471 964 esse
491 944 552 964 non
573 935 697 975 possint.
730 935 850 965 Docent
874 935 955 965 enim
979 944 1033 964 nos
1055 937 1103 968 (ut

210 975 280 1012 scis)
301 976 458 1014 dialectici,
482 977 506 1007 si
528 988 573 1015 ea,
596 989 664 1018 quae
685 989 749 1008 rem
770 978 905 1018 aliquam
922 982 1100 1018 sequantur,

211 1018 288 1048 falsa
304 1019 374 1057 sint,
391 1019 499 1050 falsam
514 1020 622 1050 illain'
615 1031 712 1062 lpsam
728 1031 801 1058 esse,
818 1031 911 1062 quam
927 1026 1100 1061 sequantur.

214 1061 264 1091 Ita
279 1061 313 1091 fit
328 1062 380 1091 illa
395 1063 545 1093 conclusio
566 1073 626 1093 non
647 1064 746 1093 50111111
762 1074 842 1102 vera,
860 1064 911 1093 sed
931 1063 973 1093 ita
988 1062 1103 1103 perspi-

213 1114 281 1141 cua,
306 1110 340 1134 ut
354 1104 500 1136 dialectici
518 1116 556 1136 ne
576 1107 722 1136 rationem
744 1107 869 1147 quidem
889 1106 973 1136 reddi
995 1111 1103 1146 putent

212 1152 366 1186 oportere:
386 1150 408 1165 ‘⁶
422 1148 455 1178 si
470 1149 558 1186 illud,
575 1149 650 1179 hoc:
669 1160 729 1179 non
745 1155 847 1179 autem
863 1149 939 1184 hoc;
957 1149 1049 1188 igitur
1065 1158 1103 1178 ne

211 1189 291 1219 illud
306 1190 439 1230 quidem.
443 1191 463 1204 ”
495 1192 555 1229 Sic,
572 1193 829 1240 consequentibus
839 1192 942 1221 vestris
963 1191 1101 1227 sublatis,

212 1232 312 1272 prima
338 1233 495 1264 tolluntur.
524 1235 604 1272 Qnae
630 1241 798 1275 sequuntur
821 1235 932 1275 igitur
925 1236 938 1257 9
974 1234 1103 1271 Omnes,

213 1275 267 1315 qui
283 1285 342 1305 non
359 1276 418 1305 sint
433 1278 591 1317 sapientes,
609 1288 694 1318 aeque
708 1278 831 1307 miseros
848 1287 928 1307 esse:
947 1277 1103 1317 Sapientes

211 1327 317 1348 onmes
333 1329 452 1349 summe
468 1321 568 1350 beatos
581 1331 662 1350 esse·
680 1321 774 1350 Recte
790 1320 868 1349 facta
883 1319 986 1349 01111113
1001 1330 1103 1360 aequa-

212 1360 272 1391 lia:
299 1360 414 1392 Omnia
429 1369 550 1402 peccata
564 1363 657 1403 paria.
685 1363 737 1400 Qu
741 1374 766 1392 ae
781 1373 851 1393 cuni
867 1373 898 1392 m
901 1363 1026 1402 agnifice
1042 1363 1104 1402 pri-

213 1413 265 1433 mo
276 1403 335 1433 dici
350 1404 500 1442 videntur⁷
517 1406 701 1436 considerata
716 1406 819 1435 minus
831 1406 1006 1446 probantur.
1031 1406 1106 1435 Sen-

215 1456 265 1476 sus
281 1446 362 1476 enim
378 1448 536 1488 cujusque,
553 1454 582 1478 et
597 1454 706 1478 natura
725 1459 837 1484 rerum,
860 1454 950 1488 atque
971 1448 1036 1488 ipsa
1056 1459 1106 1478 ve-

212 1489 285 1519 ritas
309 1490 419 1520 clamat
444 1491 577 1531 quodam
601 1491 703 1527 modo,
726 1501 786 1521 non
808 1502 893 1531 posse
915 1491 1035 1527 adduci,
1060 1497 1105 1529 ut,

213 1532 292 1562 inter
307 1543 355 1562 eas
370 1543 415 1562 res
431 1544 505 1573 quas
523 1534 605 1563 Zeno
621 1539 804 1574 exanuaret,
822 1534 898 1563 nihil
914 1534 1076 1563 interesset.

254 1575 329 1604 XX.
355 1575 462 1606 Postea
486 1583 556 1606 tuus
581 1577 631 1606 ille
650 1578 805 1612 Pir—ruilus,
829 1582 838 1609 (
851 1577 905 1606 scis
927 1577 1007 1606 enim
1026 1576 1102 1606 Citi-

212 1628 282 1656 aeos,
306 1618 426 1649 clientes
449 1625 527 1656 tuos,
553 1630 569 1649 e
594 1620 748 1650 Phoenicia
764 1620 923 1660 profectos)
939 1619 1030 1649 homo
1046 1619 1103 1659 igi-

210 1666 261 1690 tur
275 1666 391 1698 acutus,
405 1672 525 1692 causam
538 1672 597 1692 non
610 1663 758 1699 obtinens,
775 1668 963 1702 repugnante
978 1662 1099 1699 natura,

209 1705 300 1733 verba
315 1714 429 1734 versare
444 1705 550 1746 coepit:
576 1711 604 1735 et
625 1706 759 1746 primuni
775 1707 864 1735 rebus
879 1705 925 1742 iis,
947 1715 1022 1745 quas
1044 1714 1097 1735 nos

207 1747 301 1778 bonas
320 1747 470 1787 ducimus,
496 1749 647 1787 concessit,
673 1755 707 1779 ut
728 1748 909 1779 haberentur
927 1754 1016 1789 aptae,
1041 1747 1094 1778 ha-
