1180 1935
145 105 210 136 380
254 101 315 134 DE
338 101 448 132 NAT.
465 99 602 131 DEOR.
621 100 700 131 Lm.
718 100 764 131 11.
783 100 867 132 CAP.
884 101 936 131 45.

195 189 257 220 Hic
277 188 416 219 dextram
434 197 574 229 porgens,
596 186 768 228 quadrupes
783 186 846 228 qua
860 191 944 217 vasta
958 190 1040 215 tene-

285 237 346 268 tur,

197 274 323 311 Tendit,
339 279 368 304 et
383 273 531 303 illustrem
546 272 734 303 truculentus
749 271 826 302 cedit
841 271 879 302 ad
895 282 989 302 aram.

200 319 264 348 Hic
279 327 340 348 sese
355 316 479 346 infernis
494 316 531 346 de
547 316 681 356 partibus
696 315 783 356 erigit
799 315 908 355 Hydra
918 316 952 352 ;''

158 389 246 428 cujus
260 388 351 428 longe
365 397 473 428 corpus
488 392 532 417 est
546 386 670 421 fusumg

203 448 226 464 ‘⁶
241 447 278 476 In
293 445 454 486 medioque
469 445 536 475 sinu
552 444 672 485 fulgens
687 444 811 475 Cratera
825 444 946 475 relucet.

202 489 384 520 Extremam
400 488 496 518 nitens
511 488 648 527 plumato
663 498 785 528 corpore
800 487 916 518 Corvus

204 533 315 563 Rostro
331 531 450 561 tundit:
476 537 505 560 et
519 530 570 560 hic
586 530 724 560 Geminis
740 536 783 560 est
798 530 849 560 ille
864 532 920 561 sub
935 530 1007 571 ipsis

205 574 434 613 Ante-Canem,
457 573 550 604 Graio
565 573 702 614 Procyon
718 573 772 615 qui
786 573 908 603 nomine
922 573 1049 604 fertur.''

166 662 243 692 Haec
258 659 356 691 omnis
371 659 529 700 descriptio
545 659 689 697 siderum,
706 665 797 701 atque
811 659 860 691 hic
872 665 973 691 tantus
988 661 1053 692 coeli

165 710 300 742 ornatus,
324 714 361 733 ex
385 703 557 743 corporibus
577 703 638 733 huc
658 709 687 733 et
706 703 780 733 illuc
799 713 868 733 casu
892 709 921 734 et
942 710 1054 735 temere

165 746 423 783 concursantibus,
446 746 578 786 potuisse
600 746 687 783 effici,
710 746 854 786 cuiquam
869 757 941 777 sano
962 747 1055 778 videri

167 795 265 831 potest
275 791 289 820 ἶ)
312 789 381 819 Aut
393 799 461 819 vero
477 788 537 818 alia
552 799 621 829 quae
632 795 751 827 natura,
763 789 874 819 mentis
889 796 918 820 et
933 790 1055 821 rationis

167 843 285 873 expers,
308 832 373 862 haec
393 831 507 861 efficere
526 831 637 871 potuit,
661 842 729 872 quae
748 841 809 862 non
829 832 931 870 modo,
954 840 989 863 ut
1004 834 1057 863 fie-

167 882 245 913 rent,
262 875 377 905 ratione
392 880 550 914 eguerunt,
567 874 618 904 sed
633 874 772 916 intelligi,
790 875 892 916 qualia
906 875 976 914 sint,
993 877 1057 907 sine

168 919 292 948 summit
306 918 420 947 ratione
436 927 496 947 non
512 923 637 957 possunt
649 919 662 948 ?

213 961 318 992 XLV.
342 961 373 990 N
377 970 409 990 ec
421 970 490 990 vero
501 959 565 989 haec
578 960 676 990 solum
688 960 896 998 admirabilia3
914 961 965 992 sed
980 961 1057 993 nihil

170 1005 281 1043 majus,
299 1013 392 1044 quam
408 1003 490 1043 quod
505 1002 547 1032 ita
562 1003 676 1033 stabilis
691 1009 735 1033 est
749 1004 893 1041 mundus,
910 1012 1000 1052 atque
1014 1005 1058 1036 ita

170 1047 299 1077 cohaeret
313 1046 352 1075 ad
363 1045 615 1086 permanendum,
633 1052 667 1076 ut
678 1046 754 1076 nihil
767 1056 804 1076 ne
816 1047 977 1087 excogitari
990 1049 1058 1088 qui-

170 1089 241 1119 dem
257 1089 349 1129 possit
363 1089 472 1129 aptius.
499 1088 617 1119 Omnes
632 1089 712 1118 enim
725 1095 824 1129 partes
836 1090 911 1128 ejus,
925 1090 1061 1131 undique

172 1131 309 1163 medium
320 1132 421 1162 locum
433 1137 628 1179 capessentes,
639 1132 778 1161 nituntur
788 1133 952 1172 aequaliter.
966 1134 1060 1165 Max-

172 1175 233 1205 ime
253 1180 356 1204 autem
377 1185 499 1223 corpora
519 1174 596 1204 inter
611 1184 642 1204 se
654 1175 760 1213 juncta
779 1181 967 1215 permanent,
990 1188 1059 1209 cum

173 1217 307 1258 quodam
323 1217 409 1258 quasi
424 1217 545 1248 vinculo
560 1217 744 1247 circumdato
764 1217 963 1258 colligantur3
981 1221 1063 1260 quod

174 1261 246 1291 facit
268 1271 302 1291 ea
325 1266 443 1298 natura,
469 1271 537 1300 quae
559 1270 612 1300 per
630 1270 752 1290 omnem
773 1261 935 1300 mundum,
960 1264 1063 1299 omnia

174 1309 276 1333 mente
291 1309 320 1333 et
335 1303 449 1333 ratione
464 1303 633 1341 conficiens,
656 1303 807 1342 funditur,
831 1310 860 1334 et
874 1304 912 1335 ad
927 1306 1062 1341 medium

175 1346 254 1387 rapit
269 1352 298 1376 et
313 1346 457 1377 convertit
472 1351 616 1376 extrema.

218 1389 379 1427 Quocirca,
396 1389 421 1419 si
435 1389 569 1419 mundus
580 1389 722 1429 globosus
734 1395 788 1426 est,
804 1390 842 1420 ob
855 1400 983 1432 eamque
993 1403 1064 1423 cau-

176 1442 240 1462 sam
256 1442 360 1462 omnes
376 1432 440 1471 ejus
454 1438 563 1472 partes,
580 1432 716 1472 undique
731 1432 904 1473 aequabiles,
925 1434 997 1474 ipsae
1011 1447 1064 1476 per

176 1485 207 1505 se
223 1480 314 1515 atque
328 1475 406 1505 inter
421 1485 452 1505 se
463 1475 674 1510 continentum
698 1475 869 1515 contingere
884 1476 964 1507 idem
980 1484 1066 1510 terrae

177 1528 295 1548 necesse
316 1523 370 1556 est,
395 1523 440 1555 ut,
466 1517 607 1548 omnibus
632 1518 696 1556 ejus
719 1518 855 1558 partibus
879 1519 910 1549 in
931 1521 1066 1553 medium

177 1561 380 1601 vergentibus,
405 1560 449 1594 (id
464 1566 566 1590 autem
581 1560 729 1598 medium,
745 1560 887 1591 infimum
903 1561 933 1592 in
950 1564 1067 1604 sphaerr

177 1610 234 1641 est)
260 1603 336 1633 nihil
356 1603 567 1644 interrumpat,
592 1614 653 1644 quo
673 1603 847 1634 labefactari
870 1606 963 1645 possit
983 1613 1067 1638 tanta

177 1646 329 1676 contentio
343 1645 498 1687 gravitatis
510 1651 538 1676 et
552 1646 732 1687 ponderum.
760 1646 940 1688 Eademque
952 1650 1065 1682 ratione

177 1699 272 1727 mare,
296 1699 366 1720 cum
387 1699 478 1729 supra
498 1694 608 1719 terram
628 1689 677 1728 sit,
700 1689 836 1719 medium
859 1696 959 1721 tamen
980 1699 1065 1725 terrae

178 1732 280 1763 locum
306 1737 460 1773 expetens,
484 1732 680 1773 conglobatur
705 1732 841 1773 undique
867 1735 1065 1776 aequabiliter,

179 1785 277 1816 neque
292 1775 441 1807 redundat
456 1785 607 1816 unquam,
622 1785 721 1817 neque
736 1775 910 1809 effunditur.
