1226 1935
278 94 399 126 TUSC.
417 93 588 133 QUAEST.
609 94 687 125 11113.
707 94 764 126 1v.
789 96 872 127 Cn.
889 97 918 126 6.
979 97 1036 128 221

154 179 187 210 in
211 179 258 210 his
279 180 442 221 partiendis
462 186 491 211 et
514 180 691 211 definiendis
714 182 850 222 occupati
875 188 964 212 sunt:
989 182 1042 213 illa

154 233 259 254 eorum
275 223 438 264 perexiffla
458 224 553 254 oratio
574 229 628 261 est,
650 224 712 264 qua
727 225 904 254 medeantur
918 225 1039 262 animis,

154 275 209 296 nec
229 276 278 296 eos
297 267 484 296 turbulentos
504 277 566 296 esse
579 266 742 307 patiantur.
781 267 971 308 Peripatetici
986 278 1040 298 au-

153 314 228 345 tem,
252 309 290 339 ad
311 309 471 349 placandos
495 310 622 347 animos,
645 310 744 340 multa
764 309 913 340 afferunt:
939 311 1040 351 spinas

151 352 302 392 partiendi
312 358 341 382 et
352 351 514 382 definiendi
525 353 767 393 praetermittunt.
784 353 836 390 Qu
841 355 969 384 aerebam
982 354 1039 393 igi-

152 400 214 432 tur,
237 401 340 425 utrum
356 395 519 435 panderem
535 396 601 425 vela
615 396 756 426 orationis
772 396 883 433 statim,
907 407 945 426 an
971 407 1038 427 eam

151 444 222 468 ante
233 438 395 479 paululum
407 437 630 468 dialecticorum
642 438 732 469 remis
744 439 952 479 propellerem.
969 440 999 469 A
1004 451 1039 469 ιι-

151 481 242 511 ditor.
268 481 331 511 Isto
351 480 442 511 modo
457 491 535 511 vero.
569 481 639 511 Erit
653 482 734 512 enim
750 482 806 512 hoc
821 488 930 520 totum,
955 483 1037 523 quod

149 534 264 564 quaero,
288 534 326 554 ex
345 530 474 564 utroque
489 524 657 564 perfectius.
689 525 831 554 Marcus.
846 525 903 555 Est
922 525 954 555 id
969 526 1037 566 qui-

149 566 220 597 dem
244 567 372 598 rectius:
397 567 449 597 sed
471 574 539 607 post
563 568 705 608 requires,
729 567 754 598 si
774 567 849 609 quid
872 568 963 598 fuerit
982 570 1038 599 ob-

148 609 274 640 scurius.
307 610 452 640 Auditor.
469 610 593 640 Faciam
609 610 759 651 equidem.
790 611 843 641 Tu
864 616 977 649 tamen,
1002 617 1038 642 ut

148 653 235 690 soles,
252 652 330 683 dices
346 653 402 683 ista
416 653 481 694 ipsa
495 654 622 683 obscura
636 653 767 694 planius,
784 664 878 695 quam
893 654 1036 685 dicuntur

148 705 167 726 a
190 695 313 726 Graecis.
349 697 492 726 Marcus.
516 696 626 726 Enitar
648 697 808 737 equidem:
842 697 894 727 sed
918 697 1035 728 intento

147 749 224 779 opus
239 745 283 769 est
297 739 410 777 animo,
434 748 472 769 ne
491 739 594 770 omnia
613 738 797 779 dilabantur,
821 740 845 771 si
867 750 965 771 unum
980 740 1036 770 ali-

146 781 231 822 quod
245 781 392 822 effugerit.

190 824 358 862 Quoniam,
381 835 451 866 quae
466 824 565 855 Graeci
580 827 660 860 παὲη
677 832 795 864 vocant,
814 826 901 857 nobis
915 831 1035 867 pertur-

146 867 281 898 bationes
300 868 445 908 appellari
468 868 566 909 magis
588 867 698 907 placet,
722 879 815 910 quam
836 871 977 907 morbos;
1001 869 1033 900 in

146 910 194 941 his
217 911 402 952 explicandis
426 917 557 941 veterem
580 911 666 942 illam
689 912 830 953 equidem
851 912 1035 954 Pythagorae

145 953 292 994 primurn,
309 953 417 984 deinde
429 954 576 992 Platonis,
592 953 822 995 descriptionem
833 965 962 995 sequar;
979 957 1034 1004 qui

145 996 284 1027 animum
308 996 340 1026 in
361 997 435 1027 duas
455 1003 554 1038 partes
578 997 737 1034 dividunt3
762 998 887 1028 alteram
910 999 1035 1029 rationis

144 1040 322 1081 participem
342 1040 468 1079 faciunt,
491 1040 617 1070 alteram
632 1046 796 1081 expertem.
835 1041 874 1071 In
888 1042 1034 1083 participe

145 1083 269 1113 rationis
298 1089 417 1124 ponunt
446 1063 708 1124 tianquillitatem,
738 1083 770 1114 id
796 1089 850 1122 est,
881 1084 1033 1125 placidam

146 1126 341 1167 quietamque
360 1127 577 1157 constantiam:
600 1126 633 1157 in
653 1126 707 1156 ina
725 1126 820 1157 altera
844 1133 944 1157 motus
969 1134 1033 1158 tur-

145 1168 231 1200 bidos
245 1175 313 1199 tum
329 1170 391 1207 irae,
415 1175 482 1199 tum
498 1169 681 1210 cupiditatis,
704 1169 865 1200 contrarios
880 1170 1033 1201 inimicos-

145 1222 206 1252 que
225 1212 342 1242 rationi.
375 1213 421 1244 Sit
435 1212 528 1253 igitur
547 1212 597 1242 hic
615 1213 691 1243 fons.
714 1213 849 1243 Utamur
863 1218 976 1251 tamen,
999 1213 1032 1244 in

146 1253 194 1285 his
208 1256 483 1295 perturbationibus
498 1255 710 1293 describendis,
734 1256 905 1287 Stoicorum
925 1256 1032 1287 defini-

146 1297 279 1328 tionibus
299 1304 328 1329 et
347 1299 578 1339 partitionibu53
602 1298 657 1340 qui
675 1298 754 1329 mihi
773 1298 913 1330 videntur
928 1299 959 1329 in
975 1299 1033 1330 hac

145 1347 311 1381 quaesnone
325 1341 434 1372 versari
449 1342 628 1372 acutissime.

190 1383 251 1414 VI.
273 1384 331 1414 Est
349 1384 441 1425 igitur
460 1385 591 1415 Zenonis
610 1385 675 1415 haec
695 1384 840 1423 definitio,
861 1390 896 1415 ut
914 1391 1032 1426 pertur-

145 1426 228 1457 batio
243 1426 291 1465 sit,
308 1427 390 1468 quod
404 1430 497 1462 παθος
508 1427 559 1458 ille
574 1428 656 1467 dicit,
669 1438 772 1458 aversa
783 1439 801 1458 a
812 1428 893 1458 recta
904 1429 1031 1466 ratione,

145 1475 250 1500 contra
269 1476 419 1509 naturam,
436 1471 531 1500 animi
546 1471 717 1501 commotio.
745 1470 883 1509 Quidam
898 1471 1030 1509 brevius,

144 1512 402 1554 perturbationem
417 1523 479 1544 esse
493 1514 663 1555 appetitum
678 1514 933 1545 vehementiorem
945 1526 953 1544 ε
980 1515 1032 1545 sed

144 1556 400 1587 vehementiorem
414 1567 485 1587 eum
505 1558 611 1587 volunt
625 1567 698 1594 esse,
721 1557 776 1598 qui
789 1557 910 1598 longius
925 1557 1034 1588 disces-

146 1598 217 1629 serit
234 1609 253 1628 a
266 1604 382 1629 naturae
396 1600 570 1630 constantia„
595 1601 700 1630 Partes
715 1606 817 1630 autem
832 1600 1033 1641 perturbatio-

147 1650 222 1672 num
243 1642 350 1673 volunt
371 1652 410 1672 ex
432 1642 550 1674 duobus
573 1643 703 1684 opinatis
722 1643 810 1673 bonis
828 1644 921 1680 nasci,
944 1649 974 1673 et
994 1653 1032 1674 ex

146 1684 266 1715 duobus
280 1685 409 1725 opinatis
427 1686 537 1717 malis:
559 1686 602 1716 ita
621 1697 682 1717 esse
702 1692 842 1727 quatuor.
874 1686 926 1716 Ex
945 1686 1033 1717 bonis

147 1727 304 1758 libidinem
319 1734 352 1758 et
363 1728 511 1767 laetitiam,
534 1735 569 1760 ut
589 1729 626 1760 sit
645 1729 750 1760 laetitia
764 1729 957 1770 praesentium
977 1730 1032 1760 bo-

144 1780 268 1811 norum,
290 1770 384 1803 libido
399 1771 591 1805 futurorum:
616 1783 653 1804 ex
665 1772 754 1805 malis
759 1779 886 1846 zpictum
902 1778 931 1804 et
947 1772 1032 1814 aegri-

710 1824 734 1846 u
