1180 1935
183 49 243 81 DE
261 49 368 82 NAT.
385 49 521 82 DEOR.
540 50 617 82 Lm.
635 50 700 82 ΙΙΙ.
718 50 800 82 Cn.
818 50 873 82 33.
919 49 981 81 429

95 136 196 191 possit.
220 136 269 167 Ac
280 145 334 166 nos
345 136 469 177 quidem
480 136 570 167 nimis
581 137 679 167 multa
690 136 728 166 de
739 147 770 167 re
781 134 978 177 apertissima.

102 179 225 208 l‘elamo
240 185 342 209 autem
356 189 418 209 uno
433 189 519 210 versu
539 180 640 210 locum
662 185 760 210 totum
775 179 906 217 conficit,
930 188 984 208 cur

98 220 152 251 Dii
167 221 304 252 homines
318 222 492 262 negligant:

138 283 161 299 “
178 281 274 318 Nam,
298 281 322 311 si
348 287 462 319 curent,
487 282 564 312 bene
586 281 671 311 bonis
694 281 742 318 sit,
768 281 848 311 male
872 280 982 316 malis3

225 323 307 364 quod
323 333 403 354 nunc
418 324 535 354 abest.’'

95 393 257 425 Debebant
268 394 314 424 illi
324 394 447 435 quidem
460 404 564 425 omnes
575 396 669 425 bonos
681 394 806 431 efficere,
823 395 848 424 si
860 393 984 435 quidem

94 436 256 467 hominum
276 437 379 477 generi
403 438 607 468 consulebant.
637 438 691 467 Sin
713 437 744 467 id
765 438 878 473 minus,
902 436 988 467 bonis

95 480 220 520 quidem
244 486 322 510 certe
346 480 499 510 consulere
524 480 682 511 debebant.
721 480 785 510 Cui·
810 480 904 520 igitur
927 479 989 508 duo

96 523 261 563 Scipiones,
285 522 461 553 fortissimos
476 530 505 553 et
520 524 650 563 optimos
671 523 760 559 viros,
782 522 813 552 in
836 521 989 562 Hispani&

99 565 211 595 Poenus
226 565 394 606 oppressit?
428 566 492 596 Cur
505 566 664 596 Maximus
680 565 790 596 extulit
805 565 903 594 filium
917 574 988 594 con-

97 608 252 638 sularem?
276 609 340 638 Cur
355 608 539 638 Marcellum
554 609 710 639 Hanniba]
721 607 896 638 interemit?
921 607 985 638 Cur

98 650 233 681 Paulum
249 651 363 681 Cannae
378 652 588 681 sustulerunt?
613 652 676 682 Cur
696 652 859 681 Poenorum
881 650 989 680 crude-

96 693 175 724 litati
194 693 307 733 Reguli
326 704 433 734 corpus
449 700 492 724 est
506 694 668 734 praebitum
680 696 694 725 Ρ
724 694 788 724 Cur
803 693 989 723 Africanum

95 736 253 766 domestici
267 736 393 777 parietes
408 746 468 766 non
485 739 649 767 texerunt?
677 737 737 767 Sed
752 737 816 766 haec
832 742 942 773 vetera,
959 741 990 765 et

97 779 158 809 alia
180 779 342 820 permulta.
373 779 519 820 Propiora
539 780 704 810 videamus.
737 779 801 809 Cur
821 779 992 809 avunculus

96 831 195 858 meus,
220 822 264 852 vir
279 822 551 860 innocentissimus,
576 822 718 863 idemque
733 822 935 857 doctissimus,
954 821 991 850 P.

99 864 248 901 Rutilius,
262 864 295 894 in
308 865 413 895 exsilio
425 867 493 895 est?
518 866 582 896 Cur
597 865 705 895 sodalis
716 875 802 895 meus
817 864 993 895 interfectus

97 907 183 937 domi
198 918 272 945 suae,
294 907 437 938 Drusus?
462 908 525 938 Cur
540 908 746 949 temperantiae
761 907 993 948 prudentiaeque

95 950 261 991 specimen,
285 956 355 980 ante
375 951 571 981 simulacrum
594 951 625 982 V
627 957 707 988 estae,
731 950 868 991 pontifex
892 949 993 979 maxi-

98 1002 168 1023 mus
184 999 228 1023 est
248 993 288 1031 Q.
302 994 436 1024 Scaevola
453 994 618 1024 trucidatus
631 996 644 1025 ,⁹
677 995 741 1025 Cur
756 999 825 1023 ante
841 993 932 1023 etiam
948 998 993 1022 tot

96 1035 228 1066 civitatis
248 1036 396 1076 principes
412 1047 430 1066 a
450 1037 551 1067 Cinna
565 1036 742 1067 interemti?
767 1036 832 1066 Cur
851 1035 992 1066 omnium

96 1078 372 1119 perfidiosissimus,
395 1079 431 1109 C.
450 1079 582 1118 Marius,
606 1080 647 1117 Q.
665 1080 823 1117 Catulum,
846 1084 993 1119 praestan-

98 1121 216 1152 tissima
233 1122 382 1162 dignitate
402 1122 514 1160 virum,
536 1122 614 1152 mori
634 1123 733 1163 potuit
751 1123 859 1161 jubere
871 1123 885 1152 ‚⁹
917 1121 993 1150 Dies

97 1163 229 1202 deficiat,
253 1165 278 1194 si
296 1165 389 1195 velim
404 1175 575 1203 numerare,
598 1166 709 1206 quibus
724 1164 811 1195 bonis
826 1164 907 1194 male
926 1173 994 1193 eve-·

97 1207 197 1243 nerit3
221 1217 276 1238 nec
291 1208 404 1245 minus,
418 1208 442 1238 si
458 1218 706 1246 commemorem,
723 1208 835 1249 quibus
846 1206 994 1247 irnprobis

97 1249 222 1290 optime.
255 1250 320 1280 Cur
340 1251 422 1280 enim
443 1250 564 1281 Marius
584 1257 648 1281 tam
669 1250 806 1288 feliciter,
828 1249 994 1291 septimum

95 1293 214 1330 consul,
237 1293 322 1323 dorni
336 1304 398 1323 suae
414 1303 505 1323 senex
527 1299 571 1324 est
586 1299 724 1324 mortuus
735 1295 749 1324 ?
772 1303 837 1331 cur,
853 1292 994 1323 omnium

93 1335 331 1374 crudelissimus,
348 1342 411 1366 tam
426 1336 479 1366 diu
495 1336 595 1367 Cinna
608 1337 746 1377 regnavit
756 1338 770 1367 ?

139 1377 309 1410 XXXIII.
332 1378 380 1408 At
394 1378 478 1408 dedit
489 1389 601 1419 poenas.
626 1378 786 1409 Prohiberi
797 1377 908 1408 melius
922 1376 994 1415 fuit,

96 1420 309 1461 impedirique,
333 1431 371 1451 ne
386 1427 431 1451 tot
446 1432 582 1452 summos
598 1421 676 1452 viros
692 1421 882 1457 interficeret,
899 1430 994 1461 quam

96 1463 199 1504 ipsum
214 1463 378 1505 aliquando
393 1474 496 1504 poenas
512 1464 593 1494 dare.
628 1464 759 1494 Summo
774 1463 908 1493 cruciatu
920 1473 994 1503 sup-

98 1506 251 1547 plicioque
268 1507 309 1544 Q.
323 1506 448 1543 Varius,
470 1507 563 1536 homo
578 1506 869 1546 importunissimus,
885 1505 994 1546 periit:

99 1549 137 1585 si,
150 1549 222 1590 quia
234 1548 373 1579 Drusum
387 1549 477 1587 ferro,
491 1549 656 1579 Metellum
672 1558 798 1585 veneno,
812 1549 995 1584 sustulerat;

100 1591 170 1622 illos
185 1591 351 1622 conservari
364 1591 473 1621 melius
488 1591 558 1628 fuit,
575 1602 669 1632 quam
684 1601 788 1632 poenas
799 1591 917 1621 sceleris
930 1590 996 1621 Va-

98 1633 183 1664 n'um
204 1634 344 1675 pendere.
367 1633 680 1675 Duodequadraginta
701 1633 869 1676 Dionysius
890 1639 997 1673 tyran-

102 1685 162 1707 nus
177 1687 272 1707 annos
286 1677 344 1708 fuit
359 1677 595 1717 opulentissimae
614 1683 644 1707 et
661 1676 842 1707 beatissimae
857 1675 996 1707 civitatis.

101 1718 209 1757 Quam
224 1721 338 1752 multos
358 1725 428 1750 ante
448 1719 542 1758 hunc,
558 1720 590 1750 in
605 1720 670 1761 ipso
687 1719 812 1751 Graeciae
823 1719 907 1757 flore,
919 1718 998 1749 Pisi-
