1226 1935
255 54 296 90 70
404 54 466 85 DE
489 55 569 86 FIN
573 55 686 94 113US,
705 55 783 86 Lux.
800 55 841 87 V.
859 55 943 87 CAP.
960 56 990 91 7.

253 139 363 170 tentiae.
388 141 531 181 Negabat
544 141 637 182 igitur
651 142 747 172 ullam
763 152 825 173 esse
839 148 946 179 artem,
958 152 1027 182 quoe
1041 141 1107 182 ipsa
1121 152 1139 171 a

251 193 282 213 se
308 184 550 223 proficisceretur.
582 185 708 215 Etenim
733 195 850 225 semper
873 184 951 215 fflud
975 190 1060 214 extra
1083 191 1138 221 est,

251 226 333 265 quod
349 232 410 257 arte
426 227 699 268 comprehenditur.
732 228 821 258 Nihil
836 238 912 268 opus
928 233 971 258 est
992 226 1139 267 exemplis

251 268 308 299 hoc
331 269 427 300 facere
449 270 590 310 longius:
621 276 665 300 est
687 270 768 300 enim
792 271 997 310 perspicuum,
1020 270 1138 299 nullam

249 317 345 342 artem
360 312 391 341 in
407 323 437 342 50
453 313 573 349 versari,
585 313 636 343 sed
648 323 710 343 esse
724 313 807 343 aliud
819 320 914 343 artem
930 313 1040 353 ipsam,
1053 312 1137 342 aliud

248 355 331 394 quod
346 356 534 395 propositum
547 355 585 385 sit
600 356 665 385 arti.
699 355 854 393 Quoniam
871 356 974 395 igitur,
992 362 1026 385 ut
1041 355 1138 385 medi-

248 398 315 427 cina
332 398 523 435 valetudinis‚
540 398 739 438 navigationis
754 399 945 439 gubernatio,
963 398 1004 428 sic
1017 398 1137 428 vivendi

246 451 294 469 ars
316 446 358 470 est
374 441 555 481 prudentiag
581 452 698 472 necesse
721 448 775 478 est,
798 452 864 471 eam
881 452 1002 482 quoque
1022 442 1061 471 ab
1076 441 1138 471 ali-:t

247 493 278 513 re
294 494 356 513 esse
371 485 564 514 constitutam
581 491 609 514 et
624 484 799 524 profectam.

291 526 433 556 Constitit
448 533 550 557 autem
570 527 630 557 fere
651 527 728 557 inter
743 537 858 563 omnes,
875 526 918 563 id,
938 527 970 556 in
986 537 1047 567 quo
1062 537 1136 567 pru-

246 569 348 599 dentia
363 576 540 607 versaretur,
564 576 592 599 et
612 569 694 610 quod
715 569 833 610 assequi
855 570 955 606 vellet,
979 575 1086 610 aptum
1107 576 1137 600 ct

247 612 510 642 accommodatum
525 618 641 642 naturae
657 623 718 642 esse
733 618 880 653 oportere,
897 618 927 642 et
946 612 1017 649 tale,
1039 619 1074 642 ut
1089 613 1136 653 ip-

245 665 314 684 sum
339 665 392 695 per
416 666 446 685 se
469 655 609 685 invitaret
633 660 662 684 et
685 655 816 685 alliceret
837 655 1006 695 appetitum
1027 655 1134 693 animi,

245 707 338 737 quem
354 700 439 737 ὁρμην
456 698 555 728 Graeci
571 703 686 728 vocant.
711 698 797 735 Quid
812 703 915 728 autem
930 698 978 735 sit,
996 698 1078 739 quod
1093 698 1136 729 ita

245 745 376 776 moveat,
399 740 516 781 ita-que
536 752 554 771 a
576 741 686 771 natura
705 741 737 770 in
753 741 852 781 primo
872 747 939 771 ortu
961 746 1134 781 appetatur,

245 792 305 812 non
330 789 465 820 constat;
489 783 587 825 deque
609 794 643 814 eo
667 790 711 814 est
733 783 811 814 inter
832 783 1037 824 philosophos,
1063 794 1135 814 cum

245 836 403 856 summum
414 828 530 856 bonum
547 826 726 867 exquiritur,
737 827 835 857 01111115
845 827 998 857 dissensio.
1023 827 1133 858 Totius

245 868 327 898 enim
343 869 516 909 quaestionis
531 871 606 910 ejus⁷
624 881 692 910 quae
707 869 835 900 habetur
854 870 891 899 de
912 869 1023 900 finibus
1038 871 1133 900 bono-

244 922 313 941 rum
330 918 359 942 et
374 913 536 950 malorum,
554 923 622 943 cum
639 912 796 954 quaeritur,
812 913 844 942 in
863 912 910 942 his
929 912 1004 953 quid
1024 913 1062 943 sit
1080 923 1134 943 ex-

242 959 374 984 tremum
390 961 419 985 et
433 955 589 993 ultimum,
603 956 670 985 fons
682 955 874 996 reperiendus
890 961 944 993 est,
956 956 987 985 in
1000 966 1061 996 quo
1073 956 1133 986 sint

243 997 343 1037 prima
357 997 555 1028 invitamenta
570 1004 694 1029 naturae.
730 999 802 1036 Quo
820 998 954 1036 inventQ
970 999 1070 1028 omnis
1093 1000 1131 1029 ab

243 1050 289 1076 eo,
307 1041 393 1081 quasi
408 1041 515 1082 capite,
537 1041 575 1072 de
590 1051 711 1071 summo
733 1042 812 1071 bono
828 1047 857 1071 et
872 1041 953 1071 malo
968 1041 1133 1082 disputatio

244 1082 375 1113 ducitur.

286 1126 364 1156 V11.
389 1125 563 1167 Voluptatis
586 1126 637 1156 alii
659 1126 795 1167 primum
815 1126 985 1167 appetitum
1008 1133 1129 1167 putant,

240 1174 271 1199 et
300 1168 430 1209 primam
452 1169 660 1210 depulsionem
684 1169 794 1199 doloris
807 1181 816 1199 ε
849 1169 902 1199 alii
925 1176 1046 1200 censent
1069 1170 1131 1210 pri-

239 1221 328 1241 mum
344 1212 503 1250 adscitum,
520 1212 629 1242 doloris
642 1212 834 1249 vacuitatem,
848 1218 877 1242 et
888 1212 1023 1252 primum
1038 1212 1131 1243 decli-

240 1260 359 1291 natum,
377 1254 521 1285 dolorem.
554 1257 607 1285 Ab
622 1255 669 1285 his
685 1255 747 1292 alii,
764 1266 833 1295 quae
848 1255 947 1296 prima
962 1256 1129 1286 secundum

240 1303 382 1327 naturam
398 1298 567 1335 nominant,
579 1297 808 1338 proficiscuntur
819 1309 828 1334 ς
853 1299 884 1327 in
897 1298 1008 1338 quibus
1020 1308 1128 1329 nume-

240 1346 309 1369 rant
346 1340 597 1378 incolumitatem,
636 1340 952 1389 conservationemque
989 1342 1128 1372 omnium

239 1383 385 1423 partium,
408 1384 622 1419 valetudinem,
645 1394 747 1413 sensus
768 1384 910 1424 integros,
934 1383 1060 1422 [doloris
1076 1395 1128 1415 va-

240 1426 412 1466 cuitatem‚]
430 1427 517 1462 vires,
539 1427 808 1466 pulchritudinem,
825 1433 990 1466 caeteraque
1010 1428 1127 1467 generis

240 1469 543 1509 ejusden1;quorum
557 1469 667 1499 similia
678 1476 748 1499 sunt
759 1469 847 1509 prim
848 1481 858 1499 ι
867 1470 897 1499 in
910 1470 1030 1507 animis,
1042 1470 1128 1510 quasi

240 1511 387 1542 virtutum
403 1512 527 1551 iuuit-uli
538 1519 567 1542 et
577 1513 699 1542 5011111111.
724 1512 774 1542 Ex
785 1512 830 1542 his
841 1512 935 1542 tribus
946 1523 1015 1542 cum
1028 1523 1126 1543 unum

240 1554 363 1594 aliquod
388 1555 436 1592 sit,
461 1565 522 1595 quo
546 1555 679 1595 primum
704 1561 813 1585 natura
836 1561 992 1585 moveatur
1014 1556 1061 1585 vel
1088 1556 1127 1586 ad

239 1598 443 1637 appetendum
460 1598 506 1628 vel
518 1598 556 1627 ad
572 1598 789 1638 repellendum,
807 1608 861 1628 nec
875 1598 1043 1639 quidquam
1060 1609 1126 1628 om-

239 1640 323 1678 nino,
336 1646 442 1677 praeter
452 1641 515 1671 hzec
526 1641 592 1677 tria,
604 1641 697 1681 possit
708 1651 770 1671 csse
781 1652 790 1677 ;
808 1651 924 1671 necesse
935 1647 978 1671 est
988 1641 1124 1678 omnino,

238 1682 372 1714 officium
387 1689 440 1714 aut
449 1683 597 1725 fugiendi,
608 1689 661 1714 aut
670 1683 826 1724 sequendi,
839 1683 878 1715 ad
893 1694 998 1715 eorum
1007 1683 1124 1725 aliquid
