1226 1935
217 82 276 118 172
335 83 457 115 TUSC.
475 84 648 123 QUAEST.
665 85 744 116 Lm.
762 85 808 116 11.
824 85 908 116 CAP.
926 87 978 116 20.

212 177 275 209 quo
285 169 361 199 nihil
373 170 526 200 brevius.''
543 171 713 206 Contemno
721 171 963 212 magnitudinem
976 171 1098 208 doloris,

213 222 232 240 a
256 212 317 251 quit
341 222 390 242 me
414 214 542 244 brevitas
566 215 708 255 temporis
732 215 894 244 vindicabit
913 220 983 244 ante
1003 224 1100 254 paene,

211 265 306 294 quam
323 256 454 285 venerit.
473 257 535 293 sed,
552 257 576 287 si
592 264 635 287 est
650 263 750 287 tantus
766 258 861 293 dolor,
879 263 1010 297 quantus
1026 257 1096 286 Phi-

212 297 346 328 loctetae.
340 300 354 319 ’θ
378 299 462 328 Bene
478 309 567 329 sane:
592 311 722 340 magnus
737 300 813 329 mihi
828 300 952 340 quidem
969 300 1098 337 videtur,

211 339 264 369 sed
285 346 386 371 tamen
403 351 463 371 non
479 325 741 372 St11111n11s:⁰nihi1
757 343 837 372 enim
852 343 944 379 dolet,
966 342 1024 372 nisi
1039 352 1101 382 pes.

217 382 348 413 Possunt
362 385 459 414 oculi.
485 392 582 426 potest
597 392 698 426 caput,
715 386 819 422 latera,
839 386 1016 426 pulmones:
1035 395 1104 425 pos-

214 432 286 455 sunt
312 427 423 456 omnia.
458 428 564 468 Longe
586 428 678 468 igitur
701 429 783 458 abest
806 439 824 458 a
847 438 966 458 summo
991 428 1102 457 dolore.

216 470 239 484 “
256 468 374 509 Erg0,'’
397 470 508 511 inquit,
534 474 555 488 ‘⁶
579 471 663 501 dolor
689 471 851 501 diuturnus
877 471 968 500 habet
991 471 1104 500 laetitiae

213 511 295 551 plus,
313 523 405 553 quam
422 514 599 543 molestiae.''

258 554 289 583 N
293 565 351 584 unc
367 566 421 596 ego
437 566 497 585 non
513 566 647 596 possum,
664 560 783 586 tantum
799 555 954 585 hominem
967 555 1043 585 nihil
1056 566 1102 585 sa-

214 607 285 637 pere
300 597 415 628 dicere:
441 599 492 628 sed
508 609 561 629 1105
577 600 614 628 ab
631 610 664 629 eo
680 599 807 629 derideri
823 604 906 639 puto.
936 598 1004 638 Ego
1020 608 1104 628 sum-

215 649 302 669 mum
315 640 448 671 dolorem
462 644 632 675 (summum
648 648 750 671 autem
766 641 843 678 dico,
861 641 951 671 etiam
965 641 989 670 si
1001 641 1103 671 decem

215 683 324 713 atomis
340 689 384 713 est
399 685 496 723 major
516 685 606 722 alius)
628 694 688 714 non
710 684 853 714 continuo
874 684 939 713 (1100
961 694 1022 713 esse
1037 685 1104 713 bre-

217 735 306 755 vem:
330 726 504 767 multosque
526 738 648 768 possum
668 729 762 757 bonos
778 727 855 756 viros
871 727 1036 764 nominare,
1054 726 1107 767 qui

215 769 386 809 complures
401 780 495 800 annos
510 770 663 801 doloribus
679 770 819 811 podagrae
835 770 1003 800 crucientur
1018 779 1106 799 max-

218 811 297 841 imis.
331 812 390 842 Sed
411 813 502 843 homo
518 820 601 844 catus
621 823 780 854 nunquam
796 813 937 842 terminat
952 822 1006 842 nec
1021 822 1107 852 mag-

216 854 364 885 nitudinis
388 865 442 886 nec
463 856 669 886 diuturnitatis
690 856 829 892 modum,
851 861 885 885 ut
906 855 1009 894 sciam,
1032 855 1107 895 quid

218 907 376 927 summum
400 899 480 929 ‹h'cat
503 899 535 929 in
557 899 669 936 dolore,
698 899 772 940 quid
795 899 883 928 breve
907 898 938 927 in
963 904 1106 938 tempore.

219 940 408 972 Omittamus
423 942 504 972 hunc
519 943 622 981 initur,
640 942 715 971 nihil
731 952 852 982 prorsus
867 941 1034 971 dicentem:
1060 950 1109 970 co-

218 993 388 1024 gamusque
408 985 553 1019 confiteri,
570 995 630 1015 non
652 996 713 1015 esse
734 986 771 1014 ab
793 995 827 1014 eo
848 983 957 1013 doloris
978 983 1110 1013 remedia

217 1027 390 1066 quaerenda,
405 1028 457 1068 qui
469 1028 603 1057 dolorem
615 1028 766 1058 malorum
782 1026 921 1056 omnium
936 1026 1108 1056 maximum

216 1069 348 1105 dixerit,
366 1071 505 1111 quamvis
520 1071 600 1100 idem
618 1071 793 1101 forticulum
810 1080 851 1105 se,
868 1069 899 1098 in
915 1069 1109 1106 torminibus,

218 1117 248 1141 et
271 1112 301 1141 in
327 1113 497 1153 stranguria
521 1124 586 1151 sua,
610 1125 657 1155 pr
648 1115 751 1143 z-ebeat
786 1112 924 1142 Aliunde
949 1111 1042 1152 igitur
1066 1118 1110 1141 est

217 1155 381 1195 quaerenda
403 1156 563 1194 medicina,
593 1163 622 1186 et
648 1156 782 1186 maxime
809 1155 933 1196 quidem
961 1155 1009 1191 (si,
1034 1154 1110 1195 quid

217 1197 352 1228 maxime
367 1206 600 1229 consentaneum
617 1200 666 1237 sit,
684 1199 861 1240 quaerimus)
875 1198 933 1228 31)
926 1197 972 1235 115,
986 1197 1109 1238 quibus,

218 1240 301 1280 quod
317 1241 477 1271 honestum
499 1243 546 1279 sit,
569 1253 726 1272 summum
748 1243 885 1276 bonum;
910 1240 991 1281 quod
1008 1246 1106 1280 turpe,

218 1293 377 1313 summum
399 1285 517 1314 videtur
537 1285 664 1315 malum.
698 1284 758 1315 His
783 1290 816 1314 tu
840 1283 1038 1324 praesentibus
1059 1294 1110 1323 ge-

218 1335 311 1363 mere,
336 1333 364 1356 et
385 1333 413 1357 te
431 1328 555 1366 jactare,
578 1338 638 1358 non
654 1327 778 1358 audebis
793 1326 945 1367 profecto:
969 1326 1110 1366 loquetur

219 1378 301 1398 enim
318 1380 422 1399 eorum
439 1380 509 1400 voce
524 1371 618 1400 virtus
633 1371 699 1411 ipsa
715 1377 825 1400 tecum.

263 1411 338 1441 XX.
363 1412 465 1451 Tune,
482 1423 552 1442 cum
568 1424 676 1453 pueros
692 1412 922 1449 Lacedaemone,
940 1412 1110 1442 adolescen-

218 1459 263 1484 tes
279 1454 446 1495 Olympiae,
468 1457 609 1485 barbaros
630 1456 661 1485 in
683 1455 784 1491 arena,
808 1455 915 1484 videris
931 1455 1112 1495 excipientes

221 1497 412 1537 gravissimas
428 1498 544 1538 plagaS,
561 1504 590 1528 et
604 1499 730 1528 ferentes
746 1498 875 1535 silentio,
893 1498 917 1527 51
933 1503 961 1527 te
972 1497 1048 1527 forte
1060 1497 1113 1526 do-

221 1540 268 1570 lor
287 1540 397 1581 aliquis
419 1541 600 1581 pervellerit,
625 1540 818 1577 exclamabis,
841 1546 877 1570 ut
891 1540 1026 1570 mulier?
1050 1550 1110 1569 non

220 1589 392 1613 constanter
408 1590 437 1613 et
453 1584 552 1614 sedate
568 1584 668 1614 feres?
702 1583 783 1614 Fieri
794 1594 855 1613 non
870 1589 986 1623 potest:
1005 1589 1113 1612 natura

221 1635 283 1655 non
299 1626 421 1666 patitur.
454 1627 569 1656 Audio.
596 1626 687 1657 Pueri
701 1627 813 1663 ferunt,
831 1626 926 1666 gloria
941 1625 1044 1661 ducti;
1068 1625 1112 1655 fe-

220 1674 292 1698 runt
304 1668 418 1709 pudore
433 1669 496 1706 alii,
514 1670 604 1700 multi
620 1677 724 1705 metu3
749 1676 778 1699 et
792 1676 894 1699 tamen
910 1678 1058 1706 veremur,
1075 1674 1110 1698 ut

221 1710 288 1747 1100,
306 1711 387 1752 quod
404 1722 421 1741 a
436 1718 498 1742 tam
514 1713 631 1749 multis,
648 1719 677 1742 et
692 1712 773 1754 quod
789 1718 834 1742 tot
847 1711 919 1742 locis
932 1711 1108 1751 perferatur,

221 1759 330 1785 natura
345 1755 476 1796 patiatur
488 1757 501 1786 ?
526 1756 587 1786 Illa
601 1766 671 1787 vero
685 1765 746 1787 non
762 1755 853 1786 modo
867 1754 992 1796 patitur,
1006 1763 1111 1785 verum
