1226 1935
187 42 249 73 296
310 40 371 71 DE
397 40 504 71 NAT.
523 40 660 72 DEOR.
686 40 764 71 Lm.
784 41 809 71 Ι.
827 41 910 72 ΟΑΡ.
927 42 958 71 3.

181 134 260 158 terra
274 127 383 168 pariat,
400 133 430 158 et
445 132 648 169 tempestates,
664 138 699 158 ac
714 133 888 168 temporum
903 128 1071 164 varietates,

180 171 308 211 coelique
319 171 513 207 mutationes,
527 171 638 212 quibus
650 171 764 209 omnia,
782 182 850 212 quae
861 176 940 201 terra
954 171 1071 211 gignat,

180 220 333 244 maturata
347 215 524 254 pubescant,
546 224 565 244 a
585 213 654 243 Diis
669 214 893 244 immortalibus
914 214 1006 244 tribui
1022 224 1073 254 ge-

179 257 243 286 neri
255 257 390 287 humano
406 263 535 297 putant:
553 257 723 298 multaque,
741 268 810 298 quae
826 257 963 287 dicentur
978 257 1008 286 in
1025 257 1071 286 his

178 300 275 336 fibris,
298 300 456 340 coliigunt,
478 311 549 340 quae
569 300 641 330 talia
662 306 744 337 sunt,
761 306 796 329 ut
811 311 845 330 ea
860 301 925 341 ipsa
940 299 994 329 Dii
1014 300 1073 329 im-

179 343 322 373 mortales
333 343 372 373 ad
385 354 475 373 usum
485 343 645 373 hominum
658 343 794 373 fabricati
806 353 892 383 paene
904 343 1072 373 videantur.

179 386 294 416 Contra
314 397 389 427 quos
406 386 576 417 Carneades
591 386 634 416 ita
648 387 747 416 multa
762 386 911 421 disseruit,
936 392 970 415 ut
991 386 1072 416 exci-

177 434 254 459 taret
265 429 403 460 homines
416 439 477 459 non
494 429 629 459 socordes
644 429 683 459 ad
695 429 757 459 veri
772 429 973 469 investigandi
988 429 1074 470 cupi-

176 472 313 502 ditatem.
338 473 400 502 Res
416 473 498 502 enim
514 473 601 502 nulla
621 478 675 510 est,
697 472 734 502 de
755 472 817 513 qu&
838 478 994 513 tantopere.
1010 482 1071 502 non

176 515 277 545 solum
293 515 416 553 indocti,
434 515 485 546 sed
501 515 593 545 etiam
609 515 700 553 docti,
717 514 903 545 dissentiant.
928 515 1072 553 Quorum

176 558 333 598 opiniones
356 569 426 588 cum
448 565 511 588 tam
533 558 623 588 variae
638 559 709 595 sint,
734 564 859 598 tamque
874 558 952 588 inter
967 569 997 588 se
1012 558 1074 588 dis-

176 601 327 637 sidentesg
361 602 493 632 alterum
520 601 584 631 fieri
610 601 743 642 profecto
766 606 876 642 potest⁷
906 607 941 631 ut
967 611 1071 631 earum

177 645 284 682 nulla3
309 644 440 674 alterum
461 650 539 675 certe
555 655 615 675 non
631 650 740 686 potest,
762 650 797 674 ut
817 645 887 685 plus
908 644 981 681 una,
1004 654 1074 675 vera

179 694 227 717 Sit.

222 730 288 760 III.
313 730 387 768 Qu'a
402 731 525 771 quidem
543 731 575 761 in
596 731 688 761 causa
703 736 733 761 et
746 731 907 761 benevolos
928 731 1072 771 objurga-

177 780 255 804 tores
267 774 396 814 placare,
414 780 443 804 et
458 774 576 804 invidos
592 774 808 814 vituperatores
821 773 986 810 confutare.
1004 784 1072 813 pos-

175 827 293 854 sumus,
307 823 342 846 ut
357 817 466 847 alteros
481 817 707 857 reprehendisse
722 817 876 857 poeniteat,
893 817 979 847 alteri
995 817 1073 846 didi-

174 860 248 890 cisse
274 870 305 889 se
325 859 487 899 gaudeant.
520 860 617 897 Nam,
640 860 693 901 qui
714 860 880 890 admonent
894 860 1001 895 amice,
1019 860 1072 889 do-

175 902 261 932 cendi
273 908 365 937 sunt3
379 903 433 943 qui
443 903 566 933 inimice
577 903 774 941 insectantur,
787 902 961 944 repellendi.
983 903 1071 932 Mul-

174 951 242 975 tum
259 952 362 976 autem
374 946 498 977 fluxisse
508 946 595 976 video
611 946 648 976 de
662 946 747 976 libris
762 946 871 976 nostris
886 949 976 986 (quos
988 956 1072 976 com-

175 989 277 1029 plures
285 989 370 1019 brevi
379 995 514 1030 tempore
524 989 688 1027 edidimus)
698 989 878 1030 variumque
888 999 1069 1025 sermonem,

174 1032 287 1074 partim
302 1032 533 1069 admirantium,
556 1032 638 1062 unde
659 1032 716 1063 hoc
733 1032 968 1073 philosophandi
984 1032 1071 1062 nobis

174 1075 275 1105 subito
291 1075 427 1106 studium
448 1076 630 1112 exstitisset;
654 1076 778 1116 partim,
801 1076 876 1116 quid
892 1074 1014 1116 quaque
1034 1075 1072 1105 de

173 1129 205 1149 re
226 1119 299 1148 certi
319 1119 511 1155 haberemus,
529 1119 603 1149 scire
618 1119 816 1160 cupientium.
850 1118 963 1149 Multis
978 1118 1070 1148 etiam

173 1161 252 1192 sensi
268 1162 406 1192 mirabile
425 1162 531 1199 videri,
555 1172 622 1192 eam
645 1162 732 1192 nobis
747 1161 940 1202 potissimum
961 1162 1072 1202 proba-

173 1210 237 1234 tam
253 1215 316 1235 esse
330 1205 567 1246 philosophiam,
584 1216 653 1246 quae
668 1205 768 1235 lucem
785 1205 922 1245 eriperet,
940 1211 969 1235 et
984 1204 1071 1245 quasi

173 1253 293 1278 noctem
315 1248 482 1289 quamdam
503 1250 593 1279 rebus
609 1248 790 1285 offunderet,
811 1248 996 1289 desertaeque
1011 1248 1071 1277 ‹lis-

171 1291 303 1332 ciph'nae‚
328 1297 357 1321 et
378 1291 564 1333 jampridem
580 1291 702 1329 relictae,
729 1291 932 1332 patrocinium
948 1291 1070 1331 necopi-

172 1339 279 1364 natum
292 1345 311 1364 a
325 1335 412 1365 nobis
425 1345 488 1365 esse
500 1341 684 1376 susceptum.
710 1335 777 1364 Nos
789 1340 891 1364 autem
904 1344 958 1364 nec
970 1334 1071 1364 subito

173 1378 319 1418 coepimus
334 1378 563 1419 philosophari3
581 1389 636 1408 nec
647 1377 829 1408 mediocrem
846 1389 864 1407 a
879 1378 978 1418 primo
994 1383 1071 1407 tem-

173 1430 246 1460 pore
261 1421 356 1451 aetatis
372 1421 403 1451 in
419 1431 454 1451 eo
476 1422 576 1451 studio
596 1431 720 1462 operam
742 1431 909 1461 curamque
929 1430 1071 1451 consum-

173 1463 289 1494 simus:
314 1470 354 1503 et,
379 1475 450 1494 cum
474 1465 601 1495 minime
625 1464 816 1502 videbamur,
844 1470 911 1494 tum
935 1464 1071 1493 maxime

174 1506 487 1548 philosophabamur:
513 1508 595 1548 quod
617 1514 646 1538 et
667 1507 815 1538 orationes
836 1507 1000 1543 declarant,
1025 1517 1071 1537 re-

172 1549 257 1580 fertae
272 1550 524 1591 philosophorum
537 1551 702 1589 sententiis,
720 1557 750 1581 et
761 1551 1003 1581 doctissimorum
1016 1550 1071 1579 ho-

173 1593 294 1623 minum
317 1594 549 1630 familiaritates,
572 1594 685 1635 quibus
706 1604 824 1635 semper
844 1593 954 1623 domus
969 1601 1071 1623 nostra

172 1636 294 1673 floruit3
313 1643 342 1666 et
353 1637 504 1678 principes
517 1637 573 1673 illi„
588 1637 752 1673 Diodotus,
768 1637 870 1673 Philo,
884 1636 1068 1671 Antiochus,

175 1679 366 1717 Posidonius,
391 1691 408 1710 a
424 1681 535 1721 quibus
557 1681 687 1710 instituti
703 1691 818 1711 sumus.
853 1680 906 1717 Et,
928 1679 951 1709 si
967 1679 1071 1709 omnia

170 1722 372 1765 philosophiae
389 1730 540 1765 praecepta
561 1723 734 1755 referuntur
755 1724 793 1754 ad
815 1724 921 1757 vitam.
944 1723 1070 1753 arbitra-
