1226 1935
265 99 387 132 TUSC.
403 100 575 139 QUAEST.
593 101 670 133 Lm.
688 101 748 132 1v.
772 100 855 133 CAP.
872 102 901 132 3.
961 101 1025 132 219

142 191 305 224 stratuum,
321 185 395 218 fides
405 187 592 228 praecinuntz
609 186 691 228 quod
707 187 862 229 proprium
875 187 940 226 ejus
954 186 1024 225 fuit,

143 229 181 260 de
195 229 257 271 qua
267 229 385 270 loquor,
398 230 571 271 disciplinae.
595 230 678 260 Mihi
693 230 816 271 quidem
831 230 929 271 Appii
944 229 1024 261 Caeci

143 282 274 310 carmen,
298 272 380 313 quod
399 273 486 303 valde
508 274 660 304 Panaetius
680 273 784 303 laudat
804 273 930 314 epistola
950 273 1026 313 qua-

142 314 226 353 dam,
249 325 318 356 quae
338 321 382 346 est
400 315 438 346 ad
454 315 495 353 Q.
508 316 715 352 Tuberonem,
740 316 966 356 Pythagoreum
982 316 1028 345 vi-

141 357 240 388 detur.
272 358 377 388 Multa
397 359 487 389 etiam
508 365 579 389 sunt
599 359 630 390 in
650 359 757 389 nostris
777 359 920 389 institutis
936 357 1027 388 ducta

141 402 181 431 ab
205 401 284 438 illis;
309 412 377 442 quae
398 407 551 442 praetereo,
576 412 614 433 ne
638 413 683 439 ea,
707 412 775 443 quae
798 401 946 442 peperisse
969 400 1028 442 ipsi

142 449 298 485 putamur,
321 445 443 475 aliunde
467 445 604 476 didicisse
630 445 795 476 videamur.
830 444 901 481 Sed,
927 449 962 474 ut
987 443 1026 474 ad

141 487 329 528 propositum
345 487 445 518 redeat
459 488 572 518 oratio:
590 498 683 529 quam
698 488 780 518 brevi
796 493 940 528 tempore,
953 493 1028 528 quot

142 535 172 560 et
199 531 305 571 quanti
327 533 435 571 poe‘tae,
460 531 513 572 qui
535 536 637 561 autem
661 537 801 567 oratores,
826 529 1026 560 exstiterunt!

141 572 229 603 facile
244 579 278 603 ut
292 580 445 614 appareat,
468 579 583 604 nostros
602 574 705 604 omnia
724 573 865 614 consequi
884 572 1027 614 potuisse,

142 615 235 646 simul
255 622 290 646 ut
311 616 387 647 velle
407 616 570 657 coepissent.
594 617 654 647 Sed
669 617 706 647 de
721 616 832 647 caeteris
848 615 954 646 studiis
968 615 1028 646 alio

142 658 208 689 loco
223 665 252 689 et
266 658 412 697 dicemus,
429 660 453 690 si
468 670 540 690 usus
555 660 656 697 fuerit,
673 666 701 690 et
717 670 794 700 saepe
809 659 953 689 diximus.

187 702 253 732 ΙΙΙ.
277 703 438 743 Sapientiae
457 702 592 733 studium
613 708 698 733 vetus
718 702 749 732 id
769 702 893 751 quidem
913 702 946 731 in
961 711 1030 733 nos-

144 744 216 775 tris.
233 745 285 775 sed
301 751 413 783 tamen,
430 751 499 776 ante
514 746 602 776 Laelii
618 751 736 776 aetatem
749 751 777 775 et
793 745 951 794 Scipionis,
968 754 1028 775 non

142 788 269 829 reperio,
293 798 368 829 quos
391 789 543 837 appellare
562 789 674 829 possim
695 788 894 819 nominatim:
919 788 1030 829 quibus

143 831 392 868 adolescentibus,
416 832 553 862 stoicum
569 831 739 872 Diogenem
760 837 789 861 et
808 831 1030 861 Academicum

144 874 331 905 Carneadem
346 874 432 904 video
443 874 482 904 ad
497 880 635 904 senatum
631 856 688 904 aab
704 874 942 904 Atheniensibus
957 873 1030 904 mis-

143 927 191 947 sos
203 927 264 948 esse
278 917 402 958 legatOS,
418 917 472 958 qui
487 927 556 948 cum
572 917 744 958 reipublicae
759 917 876 946 nullam
891 926 1030 957 unquam

143 966 261 1002 partem
282 960 459 1000 attigissent,
485 966 621 1001 essetque
636 970 739 990 eorum
760 960 835 990 alter
854 959 1029 1000 Cyrenaeus,

143 1004 220 1034 alter
239 1003 440 1044 Babylonius,
463 1013 623 1044 nunquam
646 1002 779 1044 profecto
802 1003 910 1033 scholis
934 1008 1031 1033 essent

143 1046 277 1084 excitati,
300 1056 398 1087 neque
418 1045 457 1076 ad
477 1046 554 1076 illud
573 1056 686 1076 munus
710 1046 806 1083 electi,
830 1045 887 1076 nisi
907 1045 939 1075 in
963 1045 1032 1086 qui-

144 1089 273 1120 busdam
287 1089 484 1130 principibus,
504 1089 689 1130 temporibus
704 1089 774 1127 illis,
791 1088 917 1118 fuissent
932 1088 1031 1118 studia

145 1132 306 1163 doctrinae:
331 1132 384 1173 qui
400 1142 468 1162 cum
485 1138 591 1162 caetera
605 1132 699 1162 literis
713 1131 903 1169 mandarent,
920 1131 971 1161 alii
981 1132 1032 1171 jus

145 1175 242 1213 civile,
266 1175 317 1206 alii
335 1174 482 1206 orationes
503 1185 581 1213 suas,
598 1175 650 1205 alii
665 1175 852 1205 monimenta
866 1175 1031 1213 majorum,

146 1218 224 1249 hanc
235 1218 452 1259 amplissimam
468 1218 605 1248 omnium
622 1218 734 1248 artium
748 1219 825 1248 bene
840 1217 960 1247 vivendi
971 1216 1032 1247 dis-

146 1262 290 1302 ciplinam
304 1261 366 1291 vita
380 1261 477 1301 magis
493 1271 586 1302 quam
600 1261 693 1291 literis
705 1260 852 1302 persecuti
864 1266 944 1290 sunt.
968 1260 1032 1290 Ita-

146 1315 206 1346 que
221 1304 302 1335 illius
316 1314 392 1334 verae
407 1304 611 1345 elegantisque
626 1303 834 1344 philosophiae,
846 1314 925 1344 quae,
943 1303 1034 1334 ducta

146 1358 166 1378 a
180 1347 310 1385 Socrate,
320 1347 352 1377 in
368 1346 572 1388 Peripateticis
590 1347 690 1377 adhuc
708 1346 884 1388 permansit,
908 1352 937 1376 et
951 1346 1033 1376 idem

148 1391 208 1422 alio
221 1390 312 1421 modo
326 1390 492 1420 dicentibus
507 1390 625 1429 Stoicis,
649 1400 719 1420 cum
734 1389 912 1420 Academici
927 1399 1032 1419 eorum

148 1433 360 1465 controversias
374 1433 582 1482 disceptarent,
598 1433 684 1463 nulla
695 1432 757 1463 fere
771 1437 852 1469 sunt,
869 1438 922 1462 aut
936 1442 1035 1473 pauca

148 1476 315 1507 admodum
331 1476 441 1506 Latina
454 1476 652 1514 monimenta,
669 1476 730 1506 sive
744 1480 866 1516 propter
876 1475 1035 1524 magnitu-

149 1519 253 1558 dinem
262 1529 374 1568 rerum,
385 1520 671 1560 occupationemque
680 1518 851 1554 hominum,
860 1518 921 1548 sive
931 1518 1034 1555 etiam,

149 1562 232 1603 quod
251 1562 397 1603 imperitis
419 1573 453 1592 ea
472 1562 592 1603 probari
611 1572 697 1603 posse
711 1571 772 1592 non
787 1561 1031 1591 arbitrabantur·

149 1615 220 1636 cum
244 1605 375 1655 interim,
398 1605 458 1636 illis
473 1605 640 1642 silentibus,
665 1605 700 1636 C.
717 1603 902 1634 Amafanius
922 1603 1036 1633 exstitit

149 1648 272 1679 dicens:
296 1649 382 1688 cujus
396 1648 480 1678 libris
494 1648 591 1686 editis,
615 1653 765 1679 commota
782 1646 947 1677 multitudo
963 1655 1034 1676 con-

149 1691 222 1722 tulit
245 1702 276 1722 se
299 1691 338 1721 ad
360 1691 497 1722 eamdem
522 1691 713 1732 potissimum
737 1690 948 1730 disciplinam,
972 1688 1034 1719 sive

150 1733 233 1776 quod
248 1740 311 1765 erat
325 1734 445 1775 cognitu
465 1734 633 1775 perfacilis,
656 1734 718 1765 sive
732 1733 815 1774 quod
832 1732 979 1762 invitabat
998 1731 1035 1761 il-

150 1777 272 1809 lecebris
296 1777 415 1808 blandae
437 1777 620 1818 voluptatis,
644 1777 706 1807 sive
731 1776 834 1814 etiam,
861 1775 934 1816 quia
956 1774 1033 1805 nihil
