1226 1935
221 85 284 115 254
356 84 479 115 TUSC.
497 83 670 122 QUAEST.
687 84 766 114 Lm.
781 84 820 115 V.
847 83 930 114 CAP.
947 83 977 113 4.

218 170 365 212 sapientes
380 176 409 201 et
424 170 614 201 habebantur
630 175 658 201 et
670 169 924 201 nominabantur:
949 168 1041 209 idque
1056 177 1106 198 eo-

218 224 288 244 rum
304 224 415 244 nomen
436 224 532 254 usque
552 214 590 243 ad
607 214 789 254 Pythagorae
809 212 945 243 manavit
965 217 1106 246 aetatem3

218 267 322 298 quem,
349 260 397 291 (ut
421 256 522 288 scribit
543 256 661 287 auditor
683 256 818 287 Platonis
842 255 987 286 Ponticus
1008 254 1108 284 Hera-

218 300 320 338 clides,
346 300 391 331 vir
415 299 548 330 doctus
540 310 571 329 1n
594 300 713 340 primis)
736 299 914 329 Phliuntem
935 298 1037 328 ferunt
1057 307 1108 327 ve·

216 342 306 381 nisse,
332 353 463 391 eumque
483 353 552 372 cum
576 343 702 381 Leonte,
729 342 864 384 principe
889 341 1105 389 Phliasiorum,

217 385 303 416 docte
327 392 356 417 et
380 386 497 426 copiose
519 385 690 416 disseruisse
714 386 864 427 quaedam.
900 384 998 423 Cujus
1024 383 1109 423 inge-

217 429 304 459 nium
329 435 359 459 et
394 428 598 469 eloquentiam
625 439 694 459 cum
718 429 884 458 admiratus
908 434 983 457 esset
1009 427 1105 463 Leon,

217 472 390 512 quaesivisse
413 482 450 502 ex
474 482 519 509 eo,
544 471 603 512 qua
627 472 761 502 maxime
785 477 848 501 arte
871 470 1051 501 confideret:
1076 474 1108 499 at

215 515 305 544 illum
321 520 416 545 artem
432 514 556 555 quidem
573 525 603 545 se
619 515 691 545 scire
706 515 836 551 nullam,
853 514 904 544 sed
925 524 987 543 esse
1004 513 1107 553 philo..

215 558 353 598 sophum.
386 557 585 587 Admiratum
604 557 753 587 Leontem
774 557 940 587 novitatem
961 556 1104 593 nominis,

215 602 369 641 quaesisse,
394 600 531 638 Quinam
555 606 652 630 essent
674 600 857 641 phssosophi,
881 606 910 629 et
933 599 1007 639 quid
1030 599 1108 629 inter

216 654 265 674 eos
290 649 319 673 et
344 642 475 684 reliquos
499 642 677 673 interesset?
704 643 910 683 Pythagoram
935 648 1037 672 autem
1061 653 1107 672 re-

216 686 390 727 spondisse:
421 688 443 703 “
460 685 590 716 similem
614 686 670 716 sibi
693 686 786 716 videri
812 686 906 715 vitam
932 685 1106 723 hominum,

217 736 247 760 et
266 735 434 759 mercatum
456 739 526 759 eum
554 729 607 769 qui
628 729 788 759 haberetur
807 728 944 758 maximo
963 727 1107 758 ludorum

214 778 362 813 apparatu
380 772 470 802 totius
483 772 608 802 Graeciae
624 772 802 802 celebritate.
828 782 840 801 1
850 772 924 808 Υ3111,
938 777 972 801 ut
984 771 1045 801 illic
1055 770 1108 801 alii

214 815 388 855 corporibus
406 814 573 845 exercitatis
588 815 715 855 gloriam
733 820 761 845 et
782 815 970 844 nobilitatem
991 824 1108 844 coronae

214 863 370 899 peterent;
395 857 446 888 alii
462 858 582 888 emendi
597 864 650 888 aut
666 858 815 888 vendendi
836 863 953 898 quaestu
975 863 1004 887 et
1023 857 1108 887 lucro

214 901 415 936 ducerentur3
441 907 516 931 esset
533 907 635 930 autem
648 901 802 941 quoddam
819 911 914 941 genus
931 910 1047 938 eorum,
1061 900 1107 930 id-

213 955 274 986 que
296 945 343 974 vel
366 943 500 974 maxime
522 944 702 984 ingenuum,
731 944 784 984 qui
809 954 863 974 nec
885 943 1029 984 plausum
1052 954 1107 974 nec

212 989 333 1018 lucrum
354 992 532 1028 quaererent,
557 987 608 1017 sed
629 987 744 1017 visendi
763 998 853 1017 causa
873 987 1020 1023 venirent,
1043 992 1106 1017 stu-

212 1030 356 1071 dioseque
370 1030 581 1078 perspicerent,
605 1030 679 1070 quid
694 1036 843 1070 ageretur,
860 1035 889 1059 et
910 1040 971 1070 quo
991 1029 1103 1060 modo:

210 1074 253 1104 ita
268 1084 333 1109 nos,
351 1073 436 1114 quasi
451 1073 482 1102 in
498 1075 646 1103 mercatus
663 1073 829 1113 quamdam
846 1073 1049 1103 celebritatem
1066 1083 1105 1103 ex

209 1118 284 1147 urbe
300 1116 414 1157 aliqua,
432 1116 473 1146 sic
488 1116 519 1146 in
535 1117 613 1146 hanc
629 1116 723 1146 vitam
739 1127 777 1147 ex
793 1116 853 1146 alia
868 1116 930 1146 vita
947 1122 976 1145 et
991 1116 1102 1146 natura

211 1159 370 1201 profectos,
389 1159 463 1189 alios
482 1159 585 1199 gloriae
605 1159 725 1197 servire,
750 1159 823 1189 alios
843 1158 998 1200 pecuniae;
1023 1170 1105 1190 raros

211 1213 273 1233 esse
288 1202 448 1243 quosdam,
466 1202 531 1243 qui,
549 1202 661 1232 caeteris
677 1203 819 1233 omnibus
835 1213 890 1243 pro
906 1202 1001 1232 nihilo
1016 1202 1104 1232 habi-

210 1245 259 1283 tis,
276 1256 378 1276 rerum
394 1251 535 1275 naturam
552 1245 684 1275 studiose
700 1246 908 1276 intuerentur:
933 1245 988 1275 hos
1004 1256 1034 1275 se
1050 1256 1104 1286 ap-

210 1289 323 1330 pellare
333 1290 487 1328 sapientire
500 1289 669 1318 .s·tudiosu.s·''
678 1288 723 1321 (id
733 1295 776 1319 est
789 1289 869 1318 enim
878 1289 1101 1328 philosrssltos):

210 1334 233 1350 ‘⁶
250 1338 289 1369 et,
307 1337 342 1361 ut
357 1331 418 1361 illic
433 1332 679 1362 liberalissimum
696 1338 771 1362 esset
787 1337 930 1372 spectare,
953 1331 1030 1361 nihil
1046 1332 1102 1362 sibi

208 1375 425 1416 acquirentem,
443 1374 495 1411 sic,
511 1375 543 1404 in
560 1375 632 1410 vita,
650 1375 740 1415 longe
755 1385 804 1405 om
808 1375 897 1405 nibus
913 1374 1020 1405 studiis
1032 1385 1102 1405 con-

209 1418 438 1458 templationem
454 1428 555 1447 rerum
572 1418 837 1458 cognitionemque
852 1418 1025 1466 praestares'

255 1461 313 1491 IV.
339 1460 405 1490 Nec
426 1471 496 1491 vero
513 1461 702 1501 Pythagoras
723 1461 855 1491 nominis
877 1461 975 1491 solum
996 1461 1102 1492 inven-

207 1512 264 1541 tor,
282 1503 333 1534 sed
349 1514 450 1533 rerum
461 1504 552 1534 etiam
568 1504 703 1544 ipsarum
719 1504 920 1545 amplificator
931 1504 999 1534 fuit.
1023 1504 1100 1543 Qui,

205 1557 275 1579 cum
289 1552 356 1587 post
367 1546 449 1577 hunc
460 1547 629 1577 Phliasium
644 1557 813 1577 sermonem
826 1548 857 1577 in
869 1547 992 1577 Italiam
1003 1547 1102 1578 venis-

206 1596 260 1628 set,
278 1589 434 1620 exornavit
449 1600 515 1619 eam
533 1590 695 1627 Graeciam,
713 1602 782 1631 quae
803 1590 923 1631 Magna
943 1590 1022 1620 dicta
1044 1597 1099 1629 est,

203 1640 233 1666 et
248 1633 390 1674 privatim
406 1638 435 1662 et
450 1633 581 1673 publice,
599 1634 853 1673 praestantissimis
869 1640 898 1663 et
913 1633 1059 1664 institutis
1071 1640 1101 1664 et

203 1677 327 1708 artibus.
358 1676 455 1715 Cujus
471 1676 508 1706 (lc
523 1676 682 1717 disciplina
698 1677 781 1706 aliud
798 1682 918 1717 tempus
933 1675 1024 1707 fuerit
1039 1676 1101 1707 for-

201 1727 278 1753 tasse
293 1718 421 1749 dicendi.
446 1719 505 1749 Sed
526 1721 564 1749 ab
580 1720 707 1761 antiun
726 1720 928 1761 philosophia,
943 1730 1040 1760 usque
1060 1719 1100 1750 atl

202 1765 366 1799 Socratem,
384 1762 437 1803 qui
458 1762 659 1800 Archelaum,
683 1763 879 1803 Anaxagorae
898 1763 1097 1805 discipulum,
