1226 1935
252 81 314 114 DE
338 81 446 114 NAT.
472 81 608 113 DEOR.
633 81 712 112 Lm.
732 81 757 112 1.
782 80 910 112 Crunss.
966 80 1026 111 301

145 169 272 211 Epicuri
289 168 511 206 intermundiis,
533 167 745 203 descendisset)
766 166 895 203 Audite,
916 166 1028 207 inquit,

145 222 206 243 non
222 212 324 242 futiles
339 211 623 250 commenticiasque
634 210 805 245 sententias,
819 219 878 239 non
892 209 1030 249 opificem

146 256 417 295 aedificatoremque
429 254 548 289 mundi,
568 253 703 283 Platonis
718 253 755 282 de
770 253 889 282 'rimam
906 252 1008 282 Deum
1021 264 1029 282 z

145 308 201 329 nec
221 308 309 328 inum
324 297 477 327 fatidicam
498 298 667 326 Stoicorum
692 300 834 334 l'lscovczocv,
856 305 948 335 quam
972 295 1033 324 La-

145 342 209 372 tine
224 341 292 371 licet
308 341 542 370 Providentiam
556 339 668 374 dicereg
689 348 787 378 neque
800 347 869 367 vero
880 337 1032 367 mundum

146 384 260 425 ipsum,
277 383 378 414 animo
398 389 428 413 et
447 382 582 412 sensibus
602 381 775 422 praeditum,
793 380 969 415 rotundum,
987 391 1034 410 ar-

146 427 280 463 dentem,
297 426 460 456 volubilem
478 425 593 462 Deum,
610 430 748 465 portenta
768 429 796 453 et
811 423 959 453 miracula
973 433 1034 453 non

146 470 357 500 disserentium
373 468 634 509 philosophorum,
652 467 703 497 sed
718 466 944 496 somniantium.

190 512 313 550 Quibus
337 512 418 542 enim
445 511 538 542 oculis
564 510 658 540 animi
684 510 794 540 intueri
817 510 917 549 potuit
940 514 1036 539 vester

147 556 236 586 Plato
248 555 393 585 fabricam
408 554 494 584 illam
510 553 586 584 tanti
602 553 709 594 operis,
721 552 783 593 qua
795 551 927 582 construi
939 562 957 582 a
968 551 1037 581 Deo

149 605 240 640 atque
260 598 399 628 aedificari
418 597 571 627 mundum
592 596 687 626 facit?
712 606 781 636 quae
800 595 918 625 molitio
930 596 944 625 Ρ
968 605 1037 635 quae

149 641 353 672 ferramenta?
385 640 438 681 qui
458 640 579 670 vectes?
609 650 678 680 quae
702 638 874 668 machinae‘?
901 637 954 679 qui
978 638 1036 667 mi-

149 684 235 715 nistri
251 684 327 714 tanti
338 683 472 713 muneris
483 683 626 712 fuerunt?
650 681 922 719 Quemadmodum
934 686 1037 710 autem

149 727 271 758 obedire
285 733 314 757 et
329 737 432 767 parere
444 726 593 756 voluntati
605 724 755 755 architecti
769 727 830 761 ab'r,
844 724 933 764 ignis,
946 734 1038 764 aqua,

151 776 241 807 terra,
258 769 446 811 potuerunt?
472 768 564 799 Unde
579 778 649 798 vero
664 774 736 797 ortae
751 767 811 796 11]ae
827 767 963 807 quinque
978 766 1039 796 for-

150 823 221 850 mae,
238 824 275 843 ex
291 812 402 854 quibus
417 812 534 852 reliqua
549 812 730 847 formantur,
752 816 821 850 apte
841 809 979 840 cadentes
1000 809 1038 839 ad

149 857 288 886 animum
301 855 492 886 efficiendum
507 853 727 895 pariendosque
742 863 845 883 sensus
856 855 870 883 ?
893 853 1038 892 Longum

150 905 194 930 est
209 899 330 929 omnia:
355 909 424 939 quae
439 897 511 927 talia
532 903 613 933 sunt,
635 902 670 926 ut
690 902 793 936 optata
813 895 922 936 magis,
945 905 1039 936 quam

152 942 285 979 inventa,
301 941 469 972 videantur.
494 940 554 971 Sed
568 940 621 969 illa
635 939 779 980 palmaris
795 939 930 979 quidem,
945 938 1039 979 quod,

152 985 207 1026 qui
232 995 293 1016 non
318 984 410 1014 modo
435 989 543 1013 natum
569 983 722 1012 mundum
748 981 961 1018 introduxerit,
989 981 1041 1011 sed

151 1028 243 1058 etiam
258 1037 352 1058 manu
368 1037 455 1068 paene
469 1027 596 1063 factum,
618 1026 643 1055 is
664 1035 735 1055 eum
755 1025 865 1054 dixerit
883 1025 947 1054 fore
963 1034 1041 1054 sem-

151 1071 314 1112 piternum.
354 1071 449 1101 Hunc
474 1079 574 1100 censes
597 1068 714 1109 primis,
745 1073 780 1097 ut
803 1067 923 1103 dicitur,
949 1067 1042 1098 labris

152 1114 287 1154 gustasse
307 1112 540 1154 physiologiam,
563 1112 617 1152 qui
637 1111 820 1152 quidquam,
837 1111 920 1151 quod
940 1116 1042 1140 ortum

153 1157 202 1194 sit,
218 1162 305 1198 putet
320 1163 466 1187 aeternum
482 1166 544 1185 esse
559 1156 669 1195 posse?
703 1154 783 1191 Qua}
799 1159 843 1183 est
858 1153 939 1183 enim
955 1163 1043 1193 coag-

152 1200 299 1230 mentatio
313 1209 373 1229 non
389 1198 594 1229 dissolubilis?
617 1202 671 1228 aut
686 1197 761 1238 quid
782 1202 836 1234 est,
858 1197 945 1236 cujus
960 1197 1044 1237 prin-

153 1243 266 1284 cipium
282 1242 405 1283 aliquod
421 1242 469 1280 sit,
482 1241 559 1271 nihil
570 1241 608 1271 sit
619 1239 811 1271 extremum?
836 1240 965 1270 Pronoea
976 1249 1045 1269 vero

153 1286 179 1316 si
204 1291 301 1316 vestra
325 1291 380 1323 est,
406 1285 518 1322 Lucili,
543 1284 671 1319 eadem3
703 1283 823 1323 requiro
846 1286 929 1323 (quae
951 1283 1044 1323 paulo

153 1333 236 1366 ante)
252 1329 415 1365 ministros,
432 1327 599 1364 machinas,
621 1336 743 1357 omnem
765 1326 857 1356 totius
878 1326 975 1366 operis
992 1325 1045 1355 de-

153 1371 365 1412 signationem,
393 1377 485 1412 atque
510 1375 702 1411 apparatum.
741 1369 795 1399 Sin
822 1368 882 1398 alia
908 1374 962 1406 est,
990 1378 1044 1398 cur

153 1415 314 1445 mortalem
326 1414 427 1445 fecerit
436 1414 602 1451 mundum,
613 1422 686 1451 non,
697 1411 959 1453 quemadmodum
972 1411 1045 1441 Pla-

153 1458 270 1488 tonicus
285 1457 382 1495 Deus,
399 1457 628 1498 sempiternum.

200 1500 261 1531 IX.
285 1501 339 1531 Ab
355 1506 484 1541 utroque
499 1505 602 1530 autem
618 1498 759 1535 sciscitor,
777 1508 830 1528 cur
850 1497 959 1528 mundi
974 1496 1046 1526 aedi-

156 1543 291 1574 ficatores
314 1549 435 1584 repente
459 1542 649 1577 exstiterint;
680 1541 916 1571 innumerabilia
937 1540 1047 1570 saecula

156 1586 342 1617 dormierint.
374 1587 448 1617 Non
464 1585 557 1623 enim,
574 1585 598 1615 si
617 1585 752 1615 mundus
773 1584 878 1614 nullus
899 1588 972 1619 erat,
992 1593 1047 1612 sae-

155 1630 226 1660 cula
239 1639 300 1659 non
316 1635 409 1659 erant.
437 1629 555 1660 Saecula
569 1638 651 1658 nunc
665 1627 743 1664 dico,
759 1637 821 1657 non
838 1637 884 1663 ea,
900 1636 970 1666 quae
984 1625 1048 1656 die-

155 1682 226 1703 rum
241 1672 438 1713 noctiumque
452 1681 581 1702 numero
601 1671 710 1701 annuis
731 1671 868 1700 cursibus
883 1668 1047 1699 conficiun-

156 1721 227 1745 tur:
251 1724 324 1744 nam
339 1714 445 1752 fateor,
465 1725 510 1751 ea,
533 1714 596 1745 sine
616 1713 726 1744 mundi
747 1712 950 1749 conversione,
972 1711 1049 1741 effici

155 1767 217 1788 non
232 1758 373 1798 potuisse.
405 1757 466 1788 Sed
485 1757 545 1788 fuit
563 1757 706 1800 quaedam
725 1757 764 1786 ab
779 1755 898 1787 infinito
914 1760 1049 1796 tempore

196 1801 346 1840 (Philos.)
367 1809 451 1834 vos„
470 1809 526 1832 111.
722 1800 742 1829 2
759 1807 784 1830 n
