1226 1935
257 78 319 110 DE
344 78 452 110 NA'r.
478 78 615 110 DEOR.
641 78 720 109 Lm.
738 78 765 109 1.
789 78 874 109 CAP.
890 79 921 108 5.
973 77 1036 114 297

144 173 216 195 mur
235 174 290 195 nos
311 171 342 196 et
361 164 491 205 publicis
513 171 542 195 et
562 164 687 206 privatis
707 164 740 195 in
762 164 852 195 rebus
872 174 908 195 ea
922 163 1040 206 praesti-

146 207 226 245 tisse,
240 219 309 248 quae
324 208 399 238 ratio
415 214 444 238 et
459 208 595 238 doctrina
609 207 830 248 praescripserit.

190 251 248 280 IV.
275 251 328 281 Sin
349 257 452 280 autem
474 251 542 291 quis
558 251 695 292 requirit,
717 261 786 291 quae
807 260 897 280 causa
911 260 966 281 nos
981 250 1042 280 im-

144 293 266 333 pulerit,
290 300 325 324 ut
350 293 414 323 111εο
435 300 498 323 13111
520 304 584 324 sero
605 294 698 324 literis
718 293 945 331 mandaremus,
963 293 1041 323 nihil

145 342 201 373 est,
226 337 308 377 quod
323 336 465 377 expedire
480 343 543 367 tam
559 337 646 367 facile
661 336 820 377 possimus.
854 336 951 373 Nam,
969 346 1040 366 cum

145 379 207 409 otio
230 379 456 420 langueremus,
481 386 510 410 et
532 380 557 410 is
582 386 657 410 esset
678 379 852 420 reipublicae
876 385 982 415 status,
1006 384 1041 408 ut

145 432 214 452 eam
234 423 324 452 unius
345 422 468 453 consilio
488 428 580 463 atque
597 433 669 453 cura
684 422 847 463 gubernari
863 432 981 452 necesse
997 432 1042 452 es-

145 471 209 500 set;
234 465 382 506 primum,
399 465 493 506 ipsius
509 465 682 506 reipublicae
697 476 777 495 caus·
778 478 799 502 ι,
815 464 1040 513 philosophiam

144 508 254 538 nostris
275 508 452 538 hominibus
473 508 686 549 explicandam
701 508 818 549 putavi,
842 508 948 548 magni
963 507 1042 538 exis-

145 550 256 581 timans
272 551 413 581 interesse
433 551 472 581 ad
487 551 578 581 decus
594 558 623 581 et
638 551 677 581 ad
694 551 817 581 laudem
833 551 972 587 civitatis,
994 561 1042 580 res

145 599 209 623 tam
231 604 336 634 graves
358 601 482 635 tamque
505 595 663 635 praeclaras
688 594 807 624 Latinis
832 594 924 624 etiam
948 593 1042 624 literis

145 637 300 666 contineri.
335 637 445 678 quue
470 648 520 667 me
543 638 645 668 minus
669 637 800 667 instituti
822 637 883 667 mei
906 636 1041 677 poenitet,

145 679 227 720 quod
243 680 330 710 facile
346 681 453 717 sentio,
479 691 573 721 quam
594 681 763 710 multorum
785 690 846 710 non
867 680 959 710 modo
979 679 1041 710 dis-

144 722 242 759 cendi,
254 723 305 753 sed
317 723 408 753 etiam
421 723 580 761 scribendi,
595 723 694 754 studia
703 723 929 753 commoverim.
947 722 1043 753 Com-

142 765 246 805 plures
268 767 361 803 enim,
387 767 500 797 Graecis
516 767 756 797 institutionibus
772 766 893 804 eruditi,
910 776 955 803 ea,
972 776 1043 806 quae

144 808 321 845 didicerant,
346 820 417 840 cum
433 810 548 840 civibus
564 810 625 840 suis
641 810 864 840 communicare
880 819 941 839 non
956 814 1042 849 pote-

143 858 223 888 rant,
247 852 330 893 quod
355 853 420 889 illa,
443 863 513 893 quae
534 863 552 882 a
573 853 687 883 Graecis
712 853 904 893 accepissent,
929 851 1042 882 Latine

143 894 203 924 dici
218 906 304 936 posse
319 895 498 925 diffiderent.
533 896 605 933 Quo
625 895 656 924 in
677 905 786 936 genere
804 901 925 925 tantum
940 894 1041 935 profe-

143 937 217 968 cisse
238 938 388 976 videmur,
406 944 441 968 ut
456 949 474 968 a
490 938 603 969 Graecis
619 948 657 969 ne
672 939 833 969 verborum
849 937 975 980 quidem
990 948 1041 968 co-

143 991 196 1021 pm
211 992 408 1012 vmceremur.

186 1024 318 1055 Hortata
329 1025 420 1055 etiam
432 1031 487 1064 est,
500 1031 535 1056 ut
546 1035 596 1056 me
611 1025 650 1056 ad
663 1025 729 1056 haec
745 1025 923 1064 conferrem,
940 1023 1038 1055 animi

141 1067 301 1107 aegritudo,
318 1068 448 1099 fortunae
462 1079 577 1109 magna
592 1074 621 1099 et
636 1069 721 1110 gravi
736 1074 889 1099 commota
900 1067 1034 1107 injuria:

143 1111 230 1149 cujus
250 1111 275 1141 si
294 1112 441 1151 majorem
467 1112 602 1153 aliquam
622 1112 805 1142 levationem
829 1111 959 1152 reperire
981 1121 1039 1151 po-

143 1153 278 1191 tuissem,
302 1164 363 1184 non
378 1155 417 1184 ad
437 1154 516 1185 hanc
530 1155 724 1195 potissimum
740 1154 952 1195 confugissem.
987 1153 1040 1183 Ε3,

143 1206 213 1226 vero
234 1197 299 1237 ipsa
321 1198 408 1228 nulla
429 1197 545 1228 ratione
564 1198 674 1228 melius
695 1198 756 1227 frui
775 1198 873 1246 potui,
897 1207 992 1238 quam
1013 1196 1040 1226 si

142 1248 193 1269 me
208 1249 269 1269 non
281 1240 371 1271 modo
381 1241 420 1270 ad
434 1240 577 1281 legendos
593 1241 696 1278 libros,
713 1241 764 1271 sed
780 1241 871 1271 etiam
887 1240 926 1270 ad
940 1245 1038 1270 totam

143 1282 366 1323 philosophiam
385 1283 640 1324 pertractandam,
658 1284 816 1314 dedissem.
847 1283 965 1314 Omnes
981 1293 1037 1312 au-

143 1331 205 1355 tem
226 1326 291 1364 ejus
311 1332 421 1367 partes,
446 1332 537 1367 atque
562 1326 665 1356 omnia
688 1328 838 1364 membra,
861 1332 928 1356 tum
951 1325 1038 1355 facil-

142 1368 216 1399 lime
236 1376 412 1407 noscuntur,
437 1380 507 1400 cum
530 1375 600 1400 totae
615 1369 795 1410 quaestiones
812 1369 968 1399 scribendo
984 1379 1038 1399 ex-

141 1411 302 1451 plicantur.
326 1412 384 1442 Est
398 1413 480 1443 enim
495 1412 683 1443 admirabilis
695 1412 837 1454 quaedam
849 1411 1037 1442 continuatio

142 1454 292 1495 seriesque
308 1465 420 1494 rerum,
437 1461 472 1485 ut
485 1456 544 1485 alia
556 1466 595 1485 ex
610 1455 671 1485 alia
685 1465 775 1494 nexa,
793 1461 823 1485 et
838 1465 943 1485 omnes
959 1455 1038 1484 inter

141 1507 173 1528 se
188 1504 266 1538 aptae
282 1498 490 1539 colligataeque
506 1498 672 1529 videantur.

186 1540 227 1570 V.
252 1541 317 1578 Qui
332 1547 434 1572 autem
450 1541 619 1582 requirunt,
637 1541 712 1582 quid
727 1541 850 1582 quaque
868 1541 906 1571 de
926 1550 958 1570 re
977 1539 1037 1580 ipsi

142 1583 319 1621 sentiamus,
347 1584 491 1614 curiosius
513 1584 545 1614 id
568 1585 695 1622 faciunt,
719 1595 814 1624 quam
836 1593 954 1614 necesse
977 1588 1033 1613 est.

142 1626 216 1656 Non
232 1627 313 1657 enim
329 1633 393 1657 tam
408 1628 592 1658 auctoritatis
607 1628 638 1658 in
659 1627 854 1668 disputando,
874 1636 968 1668 quam
984 1636 1034 1656 ra-

140 1669 242 1707 tionis,
264 1677 421 1701 momenta
445 1671 608 1711 quaerenda
628 1677 708 1701 sunt.
747 1670 926 1708 Quinetiam
950 1670 1036 1699 obest

140 1713 344 1753 plerumque'
337 1713 385 1752 1is,
402 1713 457 1754 qui
471 1713 583 1744 discere
604 1714 723 1751 volunt,
745 1713 906 1743 auctoritas
928 1721 1035 1743 eorum

140 1755 194 1798 qui
209 1766 240 1786 se
254 1756 359 1787 docere
370 1756 560 1798 profitentur.
584 1755 739 1788 Desinunt
751 1756 833 1789 enim
845 1765 937 1787 suum
950 1754 1036 1796 judi.-
