1226 1935
239 59 362 91 TUSC.
379 58 552 98 QUAEST.
574 58 654 90 Lm.
672 58 700 89 Ι.
717 58 802 90 ΟΑΡ.
816 59 867 89 26.
938 58 998 88 129

110 143 205 174 hacne
219 144 274 175 tibi
289 145 405 176 terreni)⁴
419 146 604 186 mortalique
618 144 728 175 natura
743 151 772 175 et
787 144 901 175 caduca
926 153 999 174 con-

111 193 191 217 creta
211 198 245 217 ea
267 188 385 219 videtur
398 190 412 219 1²
445 195 498 218 aut
518 189 571 229 qui
592 189 709 229 primus
743 187 839 228 (quod
870 197 999 217 summae

111 230 265 270 sapientiae
287 231 468 271 Pythagorae
484 232 583 261 visum
599 237 655 268 est)
671 231 813 261 omnibus
830 231 920 260 rebus
940 229 999 259 im-

111 273 212 312 posuit
228 273 375 304 nomina?
399 280 452 303 aut
472 274 525 314 qui
544 274 701 314 dissipatos
718 273 856 303 homines
876 282 1000 312 congre-

111 315 206 354 gavit,
223 322 251 345 et
267 316 305 345 ad
321 317 491 347 societatem
508 317 577 346 vitae
594 316 792 347 convocavit?
816 321 869 346 aut
884 315 937 356 qui
952 325 999 344 so-

111 367 165 387 nos
193 359 283 395 vocis,
301 359 353 399 qui
378 359 488 389 infiniti
509 359 698 397 videbantur,
719 359 823 400 paucis
843 358 999 388 literarum

111 401 190 430 notis
205 402 401 432 terminavit?
425 408 478 432 aut
501 403 554 442 qui
575 402 739 432 errantium
761 402 916 431 stellarum
932 411 1000 430 cur-

109 453 171 480 sus,
183 445 388 484 regressiones,
402 445 579 482 institiones,
590 445 730 475 notavit?
744 445 862 475 Omnes
871 443 996 483 magni:

112 486 203 516 etiam
219 487 395 528 superiores,
412 488 466 528 qui
480 488 593 528 fruges,
606 488 659 528 qui
675 487 829 523 vestitum,
841 487 894 528 qui
910 493 998 523 tecta,

111 529 166 569 qui
186 529 303 560 cultum
322 531 401 569 vitae,
423 531 476 571 qui
497 530 636 571 praesidia
657 536 760 560 contra
774 530 862 567 feras,
879 529 1000 559 invene-

110 577 202 607 runt;
227 583 245 602 a
260 573 370 613 quibus
385 574 584 604 mansuefacti
599 579 629 603 et
643 573 767 609 exculti,
791 583 809 603 a
829 571 1000 602 necessariis

111 614 242 644 artificiis
258 616 297 645 ad
313 616 494 657 elegantiora
508 616 701 646 defluximus.
727 616 811 646 Nam
827 622 856 645 et
874 615 999 645 auribus

110 657 269 688 oblectatio
284 669 396 699 magna
415 667 501 700 parta
516 666 570 697 est,
587 658 708 689 inventa
724 665 753 688 et
768 658 933 698 temperata
949 668 1000 687 va-

111 699 216 730 rietate
231 707 260 730 et
276 702 378 731 natur
367 714 385 732 ῑ
400 712 564 732 sonorum:
590 708 619 731 et
629 708 708 732 astra
719 702 920 742 suspeximus,
934 706 1001 730 tum

111 752 157 779 ea⁷
174 754 243 783 quae
258 750 329 774 sunt
343 745 438 774 infixa
454 745 539 775 certis
555 745 638 781 locis,
655 750 722 774 tum
737 744 790 774 issa
805 754 866 774 non
887 754 929 779 re,
949 743 1001 773 sed

111 787 268 822 vocabulo,
286 787 435 817 errantia:
461 798 591 828 quorum
612 787 817 818 conversiones
835 796 1001 826 omnesque

109 834 210 859 motus
226 829 278 870 qui
294 830 414 860 animus
429 830 514 866 vidit,
532 831 556 860 is
572 830 685 867 docuit,
710 830 841 860 similem
860 829 1000 859 animum

111 881 202 901 suum
218 873 282 911 ejus
298 882 370 908 esse,
385 873 439 913 qui
449 883 483 902 ea
494 873 656 903 fabricatus
666 879 741 903 esset
752 872 783 902 in
797 873 878 903 coelo.
904 872 1000 909 Nam,

108 923 179 944 cum
208 914 407 946 Archimedes
434 916 526 954 lunae,
553 916 634 951 solis,
662 916 798 956 quinque
821 915 999 951 errantium,

107 962 209 987 motus
224 958 255 987 in
276 957 426 998 sphaeram
448 958 587 999 illigavit,
605 958 702 988 effecit
722 959 815 993 idem⁷
833 957 916 998 quod
936 957 998 993 ille,

109 999 163 1040 qui
178 1000 209 1029 in
225 1000 345 1030 Timaeo
360 1001 512 1031 mundum
525 1001 694 1039 aedificavit,
709 1001 845 1031 Platonis
855 1000 952 1037 Deus,
965 1006 1001 1029 ut

109 1043 249 1073 tarditate
264 1049 293 1074 et
308 1044 457 1074 celeritate
472 1045 690 1074 dissimillimos
711 1050 812 1074 motus
833 1054 896 1073 una
916 1053 1001 1083 rege-

109 1090 154 1115 ret
170 1087 330 1116 conversio.
364 1087 458 1125 Quod
473 1088 498 1117 si
513 1088 544 1117 in
560 1087 617 1117 hoc
632 1087 749 1117 mundo
764 1087 829 1117 fieri
847 1087 911 1116 sine
932 1086 1000 1116 Deo

107 1137 169 1158 non
194 1135 302 1170 potest,
330 1139 368 1160 ne
394 1130 425 1159 in
451 1130 569 1171 sphaera
598 1130 723 1170 quidem
748 1129 868 1160 eosdem
898 1135 1001 1159 motus

104 1171 306 1203 Archimedes
322 1173 384 1203 sine
400 1173 504 1203 divino
519 1173 641 1213 ingenio
656 1173 802 1214 potuisset
816 1172 939 1203 imita1i.

151 1214 280 1245 XXVI.
305 1215 389 1246 Mihi
412 1226 482 1246 vero
502 1226 540 1246 ne
563 1217 628 1246 haec
649 1216 774 1256 quidem
789 1216 906 1246 notiora
921 1221 949 1245 et
964 1215 1002 1244 il-

100 1256 248 1288 lustriora
263 1269 362 1288 carere
378 1259 407 1289 vi
422 1259 525 1289 divina
537 1259 687 1295 videntur,
699 1265 733 1288 ut
749 1269 803 1299 ego
815 1266 868 1289 aut
879 1261 1001 1299 poetam

107 1310 199 1340 grave
214 1302 401 1342 plenumque
416 1312 537 1332 carmen
553 1302 616 1332 sine
637 1302 747 1332 coelesti
768 1302 870 1342 aliquo
891 1301 1001 1331 mentis

103 1342 251 1373 instinctu
266 1350 372 1385 putem
392 1345 530 1382 fundere,
547 1351 600 1376 aut
623 1345 828 1385 eloquentiam
845 1344 908 1374 sine
923 1355 1000 1385 qua-

107 1385 179 1416 dam
194 1387 225 1416 vi
239 1388 353 1426 majore
363 1387 466 1423 fluere,
480 1388 687 1418 abundantem
700 1388 877 1418 sonantibus
888 1388 998 1425 verbis,

107 1429 311 1471 uberibusque
337 1431 499 1461 sententiis.
530 1431 729 1472 Philosophia
751 1441 832 1468 vero,
858 1430 998 1460 omnium

108 1478 205 1502 mater
219 1474 342 1512 artium,
360 1474 434 1514 quid
449 1480 493 1504 est
507 1474 601 1513 aliud,
618 1474 687 1511 nisi,
704 1480 739 1504 ut
761 1474 850 1503 Plato
871 1474 923 1509 ait,
945 1473 1000 1503 do-

108 1524 197 1552 num,
215 1522 249 1546 ut
264 1526 330 1556 ego,
344 1516 503 1547 inventum
516 1517 654 1547 Deorum
668 1519 681 1548 ?
707 1517 783 1547 Haec
795 1527 851 1546 nos
865 1516 1001 1557 primum

110 1557 149 1586 ad
171 1558 294 1589 illorum
316 1560 445 1598 cultum,
462 1560 571 1590 deinde
595 1560 634 1590 ad
654 1561 706 1599 jus
726 1559 901 1596 hominum,
918 1559 1001 1600 quod

107 1600 202 1630 situm
217 1607 260 1631 est
274 1601 306 1631 in
326 1603 443 1642 generis
466 1603 595 1633 humani
620 1603 770 1639 societate,
787 1609 855 1632 tum
877 1602 915 1632 ad
933 1612 1000 1632 mo-

108 1642 248 1681 destiam,
264 1645 569 1687 magnitudinemque
584 1646 691 1684 animi,
703 1645 833 1676 erudivit
846 1657 854 1675 z
880 1645 1001 1675 eadem-

107 1696 167 1727 que
181 1687 220 1717 ab
235 1687 349 1727 animo,
366 1694 525 1730 tamquam
540 1690 578 1720 ab
595 1689 700 1730 oculis,
717 1688 878 1729 caliginem
897 1687 1001 1729 dispu-
