1226 1935
256 62 380 95 TUSC.
397 62 571 102 QUAEST.
588 63 668 94 Lm.
680 64 720 94 V.
734 64 819 95 cm.
834 66 885 95 24.
954 66 1016 101 275

129 159 190 192 que
213 149 399 192 quaerimus3
422 149 545 180 alterius
569 160 655 180 mens
678 150 845 181 rationibus
869 150 1019 193 agitandis

128 193 382 234 exquirendisque
396 193 543 229 alebatur,
555 203 625 223 cum
640 193 838 224 oblectatione
853 196 992 226 sollcrtiae
1005 207 1016 232 ;

128 237 182 278 qui
197 242 241 267 est
254 247 334 266 unus
350 236 544 267 suavissimus
559 242 663 277 pastus
677 236 849 267 animorum
862 249 869 267 :
895 239 1019 270 alterius

127 281 160 310 in
175 279 255 310 caede
270 286 299 310 et
314 279 442 319 injuriis,
463 289 533 310 cum
549 286 578 310 et
592 279 701 309 diurno
717 285 746 309 et
760 286 908 311 nocturno
923 288 1017 312 metu.

127 323 209 364 Age,
233 322 334 354 confer
356 323 579 357 Democritum
605 322 824 363 Pythagoram,
848 324 1017 365 Anaxago-

126 377 203 397 ram.
227 366 307 404 Quae
322 376 425 406 regna,
443 376 517 406 quas
533 376 615 406 opes,
632 365 739 396 studiis
754 376 858 396 eorum
875 374 905 397 et
919 367 1017 398 delec-

126 409 291 440 tationibus
306 410 494 461 antepones?
517 408 655 445 Etenim,
675 419 744 449 quae
758 419 827 449 pars
843 411 959 451 optima
974 418 1019 442 est

127 453 158 483 in
175 453 310 488 homine,
333 452 364 481 in
381 462 416 482 ea
431 452 524 482 situm
546 462 607 482 esse
628 462 745 482 necesse
765 458 809 482 est
823 452 911 490 illud,
936 454 1018 494 quod

127 496 247 537 quaeris,
264 495 426 536 optimum.
450 494 536 533 Quid
551 501 595 525 est
610 501 712 524 autem
724 494 755 524 in
767 495 902 531 homine..
920 498 1019 537 sagaci

127 550 162 570 ac
183 539 263 569 bona
284 544 387 568 mente
409 538 543 568 melius?
578 537 656 577 Ejus
680 539 760 568 bono
782 538 947 569 fruendum
975 546 1020 570 est

126 582 231 623 igitur,
248 582 272 612 si
287 581 367 612 beati
381 591 444 612 esse
460 581 610 611 volumus.
646 581 771 611 Bonum
788 587 891 612 autem
906 583 1019 614 mentis

127 632 172 656 est
186 625 300 656 virtus:
325 635 396 665 ergo
416 624 472 655 hac
492 625 612 654 beatam
628 624 722 654 vitam
738 625 884 655 contineri
899 635 1019 657 necesse

125 674 179 699 est.
215 668 298 698 Hinc
320 667 434 703 omnia,
458 678 527 708 quae
550 667 687 708 pulchra,
712 667 848 704 honesta,
873 669 1020 709 praeclara

127 716 208 748 sunt,
226 714 274 745 (ut
288 721 380 751 supra
394 710 479 745 dixi;
497 710 548 741 sed
564 710 725 741 dicendum
742 711 823 741 idem
834 711 911 741 illud
924 713 1017 753 paulo

125 754 248 785 uberius
273 754 405 789 videtur)
429 754 520 794 plena
545 754 727 794 gaudiorum
753 760 833 784 sunt.
872 755 923 785 Ex
949 766 1019 796 per-

125 797 224 839 petuis
245 803 347 827 autem
367 797 525 838 plenisque
545 797 664 837 gaudiis
682 807 752 828 cum
768 798 962 838 perspicuum
978 799 1018 829 sit

126 841 219 871 vitam
240 841 361 871 beatam
381 840 533 879 exsistere,
555 840 702 881 sequitur,
723 845 759 870 ut
780 850 815 870 ea
835 841 959 871 exsistat
979 853 1018 872 ex

123 884 287 915 honestate.

167 927 295 958 XXIV.
319 926 391 964 Sed,
412 936 451 957 ne
466 926 564 957 verbis
579 927 678 957 solum
694 926 881 967 attingamus
897 938 932 958 ea
947 939 1017 969 quae

124 970 266 1001 volumus
286 970 453 1007 ostendere,
476 970 671 1011 proponenda
692 970 832 1010 quadam
849 971 935 1011 quasi
950 982 1018 1002 mo-

124 1013 225 1044 ventia
247 1020 329 1051 sunt,
353 1024 422 1055 quae
441 1023 496 1043 nos
519 1013 617 1054 magis
640 1013 679 1043 ad
704 1014 906 1053 cognitionem
928 1014 1018 1045 intel-

124 1057 343 1098 ligentiamque
363 1062 548 1087 convertant.
581 1057 728 1087 Sumatur
749 1057 831 1086 enim
846 1057 933 1087 nobis
949 1058 1018 1099 qui-

125 1100 197 1130 dam
217 1106 362 1141 praestans
380 1100 426 1129 vir
446 1099 569 1140 optimis
584 1100 718 1130 artibus:
743 1099 830 1140 isque
845 1101 948 1131 animo
963 1112 1018 1142 pa-

125 1153 248 1191 rumpet
274 1149 304 1174 et
328 1143 507 1184 cogitatione
532 1143 675 1183 fingatur.
723 1143 864 1173 Primum
894 1144 1017 1184 ingenio

125 1186 237 1217 eximio
252 1186 300 1224 sit,
322 1196 440 1217 necesse
455 1191 510 1224 est,
533 1186 639 1219 (tardis
655 1185 736 1216 enim
751 1196 821 1216 men·
824 1187 906 1217 tibus
921 1188 1017 1218 virtus

124 1239 186 1260 non
201 1229 288 1260 facile
310 1230 484 1267 comitatur)
505 1229 614 1259 deinde
629 1229 690 1260 ad
681 1239 733 1259 mv
735 1229 849 1270 estigan
852 1230 922 1260 dam
939 1232 1017 1261 veri-

123 1277 218 1302 tatem
230 1272 331 1303 studio
344 1273 476 1303 incitato.
500 1272 551 1302 Ex
563 1283 625 1313 quo
640 1273 752 1313 triplex
767 1273 818 1303 ille
829 1273 925 1303 animi
936 1274 1017 1304 fetus

124 1316 267 1352 exsistet,
258 1327 266 1334 ·
283 1325 363 1346 unus
377 1316 409 1346 in
425 1316 594 1357 cognitione
609 1326 711 1346 rerum
726 1316 853 1356 positus,
871 1322 901 1346 et
915 1317 947 1346 in
963 1327 1017 1347 ex-

123 1359 283 1400 plicatione
304 1366 441 1394 Βαίτωεες
464 1360 539 1389 alter
560 1359 593 1389 in
613 1359 811 1408 descriptione
831 1360 1015 1400 expetenda-

122 1412 192 1432 rum
218 1402 471 1451 fugiendarumve
496 1413 619 1439 rerum;
648 1402 754 1432 tertius
779 1402 811 1432 in
835 1403 1014 1442 judicando,

123 1445 199 1486 quid
214 1445 323 1487 cuique
337 1445 380 1476 rei
400 1445 438 1476 sit
456 1455 652 1486 consequens,
676 1445 751 1486 quid
764 1456 956 1486 repugnans:
981 1446 1014 1476 in

120 1499 182 1529 quo
197 1488 275 1519 inest
286 1488 385 1519 omnis
396 1495 464 1519 tum
475 1489 632 1520 subtilitas
637 1488 812 1527 disserendi,
826 1495 893 1518 tum
905 1489 1014 1520 veritas

115 1531 282 1571 judicandi·

162 1574 236 1613 Quo
258 1575 382 1605 tandem
405 1574 499 1616 igitur
521 1575 634 1616 gaudio
656 1574 735 1605 affici
758 1585 877 1605 necesse
901 1580 945 1606 est
965 1585 1012 1606 sa-

118 1617 228 1659 pientis
244 1618 394 1657 animum,
418 1629 488 1649 cum
503 1619 551 1649 his
566 1618 754 1649 habitantem
771 1624 1013 1659 pernoctantem-

119 1671 180 1702 que
194 1661 297 1692 curis?
320 1668 366 1699 ut,
391 1672 461 1692 cum
483 1662 576 1692 totius
596 1661 707 1691 mundi
728 1668 830 1691 motus
846 1662 1014 1692 conversio-

116 1713 229 1745 nesque
240 1705 444 1745 perspexerit3
469 1705 628 1745 sideraque
640 1704 749 1734 viderit
764 1704 1014 1742 innumerabilia,

115 1748 189 1779 coelo
209 1747 398 1786 inhaerentia,
422 1758 494 1779 cum
516 1749 582 1788 ejus
603 1748 699 1789 ipsius
723 1753 811 1778 motu
837 1757 1016 1788 congruere,
