1226 1935
191 72 251 102 128
318 69 442 101 TUSC.
459 68 632 108 QUAEST.
650 67 730 99 Lm.
748 68 774 98 Ι.
792 67 876 99 CAP.
892 69 946 99 25.

191 155 382 187 domicilium
405 155 613 196 immigravit:
638 154 702 193 sed,
724 164 794 185 cum
810 165 840 184 se
855 154 975 195 collegit
990 159 1082 194 atque

193 200 346 237 recreavit,
363 205 431 229 tum
451 199 585 247 agnoscit
606 198 660 228 illa
677 197 905 228 reminiscendo.
938 198 988 228 Ita
1005 197 1083 226 nihil

195 242 279 273 aliud
291 248 334 272 est
350 242 472 280 discere,
489 242 547 272 nisi
562 241 718 271 recordari.

239 285 308 325 Ego
334 291 436 315 autem
458 286 572 324 majore
596 284 687 314 etiam
708 282 841 324 quodam
860 282 951 312 modo
968 292 1087 313 memo-

195 328 273 358 riam
269 310 430 358 Dadmiror
471 327 557 365 Quid
579 332 622 357 est
645 326 727 356 enim
748 326 837 363 illud,
862 336 923 366 quo
945 324 1087 355 memini-

196 381 286 401 mus.
280 373 293 392 '³
316 377 369 401 aut
384 381 478 411 quam
489 371 580 400 habet
590 369 672 399 vim.
665 371 678 391 ‘³
702 375 754 399 aut
767 369 848 399 unde
857 375 960 398 natam
975 370 989 399 ?
1013 369 1087 398 Non

197 425 251 455 qu
243 424 312 450 1110,
334 414 449 455 quanta
475 411 621 443 memoria
645 411 815 442 Simonides
841 412 932 441 fuisse
958 411 1086 446 dicatur,

197 467 279 497 quau
272 456 312 486 ta
332 457 531 493 'lheodectes,
551 455 667 496 quanta
682 455 717 492 is,
735 454 788 495 qui
804 465 821 484 a
837 454 956 494 Pyrrho
971 455 1088 494 legatus

199 499 238 529 ad
254 506 392 529 senatum
409 505 452 530 est
466 499 587 536 missus,
606 498 726 533 Cineas,
748 497 864 537 quanta
879 507 976 537 nuper
992 497 1090 526 Char-

199 543 315 580 madas,
332 543 459 582 quantit,
484 542 538 582 qui
561 541 652 571 modo
677 540 747 577 fuit,
770 540 908 580 Scepsius
933 539 1091 569 Metrodo-

199 596 262 622 rus,
291 585 399 626 quant?
397 598 407 614 1
429 591 529 614 noster
555 583 758 614 Hortensius.
784 582 821 612 de
848 582 1003 612 communi
1034 582 1091 611 ho-

200 628 321 657 miuum
343 627 488 658 memoria
510 628 630 667 loquor,
647 632 676 655 et
697 635 801 655 eorum
822 625 968 663 maxime,
986 625 1039 665 qui
1059 625 1091 654 in

200 671 303 711 aliquo
328 671 441 709 majore
467 670 566 701 studio
593 675 622 699 et
651 674 714 698 arte
743 673 919 698 versantur·
911 691 920 704 ‚
959 677 1091 708 quorum

201 720 316 754 quanta
336 724 423 744 mens
443 713 491 751 sit,
508 712 629 743 difficile
649 717 694 742 est
716 711 908 742 existimare.
931 710 975 741 ita
994 711 1092 740 inulta

202 757 417 786 meminerunt.

247 800 355 830 XXV.
380 800 535 837 Quorsum
555 798 648 839 igitur
667 796 732 828 haec
754 802 867 838 spectat
881 795 975 827 oratio
987 798 1001 827 Ρ
1025 807 1094 837 quae

203 842 242 872 sit
266 843 319 872 illa
340 842 395 880 vis,
421 848 450 872 et
474 842 566 879 unde,
591 840 823 881 intelligendum
846 846 929 880 puto.
954 840 1027 869 Non
1051 845 1095 869 est

204 891 283 916 certe
298 896 352 915 1100
368 885 474 923 cordis,
492 895 545 915 nec
561 884 727 932 sanguinis,
744 893 798 913 nec
813 883 936 921 cerebri,
956 893 1010 912 nec
1031 888 1096 912 ato-

204 939 336 958 morum.
361 929 479 958 Anima
494 928 531 957 sit
546 928 677 963 animus,
690 927 741 967 ign
735 926 816 963 ¹isve,
834 926 951 956 nescio:
977 935 1031 955 nec
1046 936 1097 956 me

206 971 310 1012 pudet,
328 977 362 1001 ut
377 972 459 1009 istos,
483 970 570 1000 fateri
586 970 708 1007 nescire,
726 969 807 1009 quod
822 969 962 998 nesciam.
998 968 1094 1004 Illud,

206 1015 231 1044 si
247 1015 304 1044 ulli
301 1027 311 1043 1
326 1015 386 1044 alia
401 1014 439 1044 de
454 1024 485 1043 le
500 1013 627 1043 obscura
642 1012 791 1042 affirmare
806 1022 935 1052 possem,
955 1011 1016 1041 sive
1031 1012 1097 1041 ani-

207 1068 258 1087 ma
273 1057 334 1087 sive
349 1057 427 1097 ignis
443 1057 480 1086 sit
496 1057 626 1093 animus,
640 1065 710 1085 eum
720 1056 853 1094 jurarem
870 1065 931 1084 esse
947 1054 1096 1084 divinum.

208 1100 294 1137 Quid
306 1100 387 1130 enim
400 1102 413 1130 Ρ
430 1101 550 1129 obsecro
560 1105 600 1136 te,
614 1098 731 1128 terrane
741 1098 807 1135 tibi,
819 1104 872 1127 aut
880 1097 937 1127 1100
952 1098 1099 1127 nebuloso

209 1150 238 1174 ct
253 1143 415 1183 caliginoso
430 1143 514 1179 coelo,
531 1148 584 1172 aut
600 1147 663 1171 sata
678 1148 730 1170 aut
742 1146 878 1170 concreta
887 1140 1005 1170 videtur
1015 1146 1099 1170 tanta

210 1187 254 1217 vis
270 1186 447 1216 memoriae?
472 1185 516 1222 Si,
533 1185 607 1225 quid
623 1184 659 1214 sit
675 1184 744 1222 hoc,
762 1193 822 1213 non
839 1183 932 1221 vides,
949 1189 991 1221 at,
1009 1184 1099 1224 quale

210 1229 258 1267 sit,
276 1229 377 1259 vides:
402 1229 427 1258 si
442 1238 479 1258 ne
495 1228 526 1257 id
541 1227 677 1268 quidem,
694 1232 736 1264 at,
753 1232 902 1267 quantum
919 1226 967 1263 sit,
984 1226 1100 1266 profec-

211 1278 241 1302 to
263 1272 353 1303 vides.
378 1271 463 1309 Quid
486 1271 602 1312 igitur?
626 1276 731 1302 utrum
749 1269 944 1310 capacitatem
964 1269 1099 1310 aliquam

211 1316 243 1345 in
264 1315 366 1345 animo
390 1320 534 1355 putamus
555 1324 628 1351 esse,
648 1323 720 1354 quo,
743 1318 901 1353 tamquam
922 1312 953 1341 in
976 1312 1100 1352 aliquod

211 1369 274 1395 vas,
296 1369 341 1395 ea,
355 1368 424 1398 quae
444 1357 651 1393 meminimus,
670 1355 895 1386 infundantur?
918 1355 1101 1385 Absurdum

211 1401 243 1431 id
264 1401 407 1441 quidem:
433 1400 486 1441 qui
508 1400 589 1430 enim
611 1399 736 1435 fundus,
753 1404 806 1428 aut
828 1408 897 1438 quae
919 1397 986 1428 talis
1006 1398 1101 1428 animi

213 1444 322 1492 figura,
338 1443 466 1483 intelligi
478 1444 599 1483 potest?
623 1448 677 1472 aut
692 1452 760 1483 quae
775 1448 859 1471 tanta
874 1440 997 1470 omnino
1013 1451 1101 1481 capa-

213 1488 305 1518 citas.
298 1489 311 1508 '²
334 1487 412 1516 An
404 1486 552 1526 iffllirimi,
569 1485 655 1526 quasi
670 1495 780 1521 ceram,
791 1484 929 1514 animum
945 1489 1100 1524 putamus,

215 1536 244 1561 et
259 1529 438 1560 memoriam
454 1540 516 1559 esse
531 1529 719 1569 signatarum
734 1537 835 1557 rerum
850 1526 882 1556 in
897 1532 998 1556 mente
1013 1526 1102 1556 vesti-

214 1574 291 1614 gia?
315 1583 383 1621 qu'ae
407 1578 533 1613 possunt
554 1573 726 1608 verborum,
745 1581 817 1618 (1οἐ
835 1579 936 1599 rerum
955 1569 1101 1609 ipsarum,

215 1627 277 1646 esse
293 1615 442 1656 vestigia?
466 1626 535 1656 quae
549 1625 638 1655 porro
660 1620 723 1644 tam
744 1613 893 1643 immensa
912 1612 1102 1652 magnitudo,

216 1670 285 1700 quae
300 1659 352 1689 illa
367 1665 430 1688 tam
446 1658 544 1688 multa
558 1657 652 1698 possit
667 1657 836 1696 effingere?

257 1701 371 1739 Quid?
403 1701 457 1731 illa
474 1701 530 1738 vis,
547 1711 616 1741 quae
638 1699 761 1730 tandem
782 1704 836 1736 est,
854 1708 923 1738 quae
944 1697 1104 1737 investigat

207 1746 336 1783 occulta,
358 1755 428 1785 quae
442 1743 575 1774 inventio
595 1748 686 1784 atque
705 1741 885 1782 excogitatio
905 1741 1040 1772 dicitur?
1064 1750 1101 1770 cx
