1180 1935
132 75 196 104 388
237 73 297 104 DE
321 73 430 105 NAT.
454 73 591 107 DEOR.
616 74 694 106 Lm.
713 74 760 105 11.
784 74 868 105 CAP.
884 76 935 105 55.

132 166 224 200 atque
239 160 348 191 intimo
359 161 547 192 terminatur.
571 163 677 202 Atque
692 161 728 201 is,
741 160 904 201 agitatione
916 165 945 190 et
957 168 1022 189 mo-

133 202 214 232 tibus
228 203 341 243 linguae
352 215 421 234 cum
434 204 595 245 depulsum
611 211 640 234 et
651 205 737 245 quasi
749 204 905 234 detrusum
918 203 1020 233 cibum

132 246 258 286 accepit,
274 246 406 287 depellit.
440 248 541 288 Ipsius
559 253 660 277 autem
681 254 779 288 partes
798 257 851 285 eae,
868 257 937 287 quae
951 250 1022 276 sunt

132 288 213 318 infra
228 289 259 319 id
275 290 357 330 quod
370 290 543 329 devoratur,
559 290 743 327 dilatantur3
768 301 837 331 quae
855 296 957 320 autem
972 299 1024 318 su·

134 342 200 372 pra,
217 333 445 363 contrahuntur.

178 375 249 412 Sed,
278 386 347 405 cum
364 387 468 417 aspera
483 376 590 406 arteria
611 375 665 410 (sic
685 376 766 406 enim
787 386 805 405 a
824 374 948 405 medicis
970 384 1023 414 ap-

132 417 276 458 pellatur)
287 419 399 448 ostium
410 419 530 455 habeat,
543 419 723 458 adjunctum
735 419 848 459 linguae
860 418 1020 454 radicibus,

130 461 223 500 paulo
238 472 329 501 supra
344 472 436 502 quam
453 462 491 492 ad
506 462 643 502 linguam
656 462 827 492 stomachus
839 461 1020 496 annectitur,

130 514 226 544 eaque
242 504 280 533 ad
296 505 456 544 pulmones
471 516 567 545 usque
582 505 741 545 pertineat,
755 504 945 545 excipiatque
957 502 1023 532 ani-

131 556 215 576 mam
232 557 310 584 eam,
328 558 396 587 quae
412 548 502 578 ducta
518 548 555 577 sit
570 548 688 588 spiritu,
706 548 904 587 eamdemque
919 557 937 576 a
953 546 1023 586 pul-

131 589 274 619 monibus
295 591 428 630 respiret,
451 597 480 620 et
500 591 625 626 reddat;
650 590 760 630 tegitur
781 590 914 630 quodam
937 588 1022 630 quasi

130 632 283 672 operculo,
301 633 382 673 quod
398 635 436 663 ob
452 644 519 663 eam
535 644 656 663 causam
672 633 777 662 datum
791 639 845 670 est,
859 643 908 667 ne,
922 631 1023 672 siquid

131 676 163 704 in
190 685 256 705 eam
283 675 342 706 cibi
372 676 448 706 forte
477 677 639 713 incidisset,
667 676 789 716 spiritus
815 675 1021 715 impediretur.

131 717 204 755 Sed,
222 729 292 748 cum
308 719 368 749 alvi
384 725 501 756 natura,
520 720 655 758 subjecta
669 719 834 756 stomacho,
851 718 909 748 cibi
925 724 954 748 et
968 727 1024 757 po-

131 761 221 791 tionis
237 761 274 791 sit
290 763 523 802 receptaculum,
545 763 705 802 pulmones
725 768 827 791 autem
849 768 879 791 et
899 771 949 791 cor
970 771 1024 790 ex-

131 804 276 834 trinsecus
292 805 431 844 spiritum
447 805 618 840 adducant3
639 805 670 834 in
686 805 753 835 alvo
769 804 867 834 multa
882 810 952 833 sunt
964 803 1022 833 mi-

131 847 264 877 rabiliter
280 848 394 885 effecta,
411 859 480 888 quae
492 854 607 878 constat
618 848 678 877 fere
691 858 706 878 e
718 848 825 877 nervis.
850 847 906 876 Est
918 852 1021 876 autem

131 890 294 930 multiplex
321 896 350 920 et
377 897 510 921 tortuosa
523 902 532 927 ;
565 896 705 931 arcetque
731 897 760 920 et
786 890 929 928 continet,
960 889 1022 919 sive

132 933 209 962 illud
225 933 343 963 aridum
361 940 415 970 est,
433 934 494 964 sive
508 934 683 971 humidum,
699 933 782 975 quod
803 932 917 973 recipit,
940 938 975 962 ut
990 931 1021 962 id

131 976 244 1005 mutari
260 982 289 1006 et
304 977 449 1017 concoqui
470 977 582 1017 possit;
608 987 702 1017 eaque
724 983 789 1006 tum
812 976 1020 1015 adstringitur,

131 1024 198 1048 tum
220 1019 392 1055 relaxatum
421 1026 512 1060 atque
530 1030 630 1055 mnne,
647 1019 729 1060 quod
750 1019 868 1059 accipit,
891 1019 970 1058 cogit
992 1024 1022 1048 et

131 1062 311 1099 confundit3
338 1069 371 1092 ut
393 1063 480 1093 facile
495 1069 523 1092 et
538 1063 646 1098 calore,
664 1073 755 1103 quem
771 1063 905 1091 multum
918 1061 1020 1098 habet,

130 1105 293 1135 exterendo
309 1106 386 1142 cibo,
399 1114 428 1136 et
440 1112 582 1146 praeterea
592 1105 711 1146 spiritu,
723 1105 825 1135 omnia
837 1111 919 1135 cocta
931 1110 1022 1145 atque

129 1148 265 1178 confecta
280 1148 310 1177 in
327 1149 479 1189 reliquum
495 1159 602 1189 corpus
617 1148 800 1178 dividantur.

174 1191 244 1221 LV.
271 1192 308 1221 In
326 1192 521 1232 pulmonibus
536 1198 639 1221 autem
654 1191 730 1221 inest
747 1191 850 1220 raritas
888 1190 1018 1228 uaedam,

129 1239 159 1263 et
179 1234 319 1264 assimilis
340 1235 473 1275 spongiis
493 1235 665 1271 mollitudo,
682 1234 719 1263 ad
735 1202 938 1264 hauriendum
961 1233 1022 1274 spi-

128 1277 223 1306 ritum
239 1278 411 1317 aptissima;
433 1278 485 1318 qui
501 1283 566 1307 tum
584 1288 614 1307 se
629 1277 811 1307 contrahunt
822 1276 1019 1317 adspirantes,

129 1326 197 1349 tum
218 1320 357 1361 respiritu
381 1321 520 1358 dilatant,
543 1326 577 1350 ut
597 1320 770 1361 frequenter
790 1320 918 1350 ducatur
936 1319 1022 1349 cibus

128 1363 281 1401 animalis,
297 1374 359 1404 quo
374 1364 509 1393 maxime
524 1364 647 1393 aluntur
659 1363 835 1393 animantes.
863 1362 914 1392 Ex
929 1362 1021 1392 intes-

130 1405 201 1435 tinis
216 1412 319 1436 autem
334 1413 363 1436 et
378 1407 458 1443 alvo,
476 1412 604 1436 secretus
616 1417 633 1436 a
645 1406 760 1446 reliquo
772 1406 849 1443 cibo,
867 1416 971 1435 succus
983 1405 1019 1442 is,

129 1459 192 1489 quo
204 1449 325 1487 alimur,
339 1455 497 1490 permanat
508 1449 546 1479 ad
556 1450 652 1488 jecur,
666 1459 719 1489 per
731 1449 878 1489 quasdam
891 1459 909 1478 a
921 1448 1021 1478 medio

130 1491 272 1522 intestino
288 1503 383 1534 usque
395 1492 433 1522 ad
448 1498 548 1532 portas
561 1492 667 1531 jecoris
684 1492 738 1525 (sic
754 1491 835 1521 enim
851 1491 1020 1532 appellant)

129 1533 235 1564 ductas
251 1541 280 1564 et
295 1535 419 1565 directas
436 1535 509 1571 vias,
523 1546 595 1575 quae
610 1534 760 1575 pertinent
772 1534 810 1564 ad
823 1535 919 1573 jecur,
933 1534 1021 1574 eique

127 1577 293 1608 adhaerent.
316 1578 423 1619 Atque
434 1578 504 1608 inde
516 1578 583 1607 aliae
594 1578 775 1618 pertinentes
787 1583 868 1614 sunt,
880 1588 933 1618 per
943 1588 1021 1617 quas

130 1620 211 1650 cadit
231 1621 316 1651 cibus
336 1632 356 1651 a
375 1622 473 1660 jecore
494 1621 644 1661 delapsus.
676 1621 730 1650 Ab
749 1631 783 1651 eo
804 1620 871 1650 cibo
890 1630 960 1650 cum
977 1626 1021 1650 est

127 1669 241 1693 secreta
255 1664 336 1701 bilis,
358 1664 440 1704 iique
461 1664 603 1694 humores
623 1663 676 1704 qui
697 1674 735 1693 ex
756 1663 877 1693 renibus
893 1663 1020 1703 profun-

128 1705 255 1744 duntur,
272 1707 390 1748 reliqua
405 1717 435 1737 se
450 1707 481 1736 in
497 1707 676 1747 sanguinem
688 1712 820 1744 vertunt,
834 1705 873 1735 ad
885 1705 1019 1736 easdem-

126 1759 188 1789 que
202 1755 304 1790 portas
316 1749 424 1790 jecoris
439 1749 608 1789 confluunt,
624 1749 663 1780 ad
678 1760 754 1791 quas
768 1759 874 1781 omnes
886 1749 951 1788 ejus
963 1749 1018 1779 viae
