1226 1935
220 69 280 101 156
355 70 481 102 TUsc.
498 70 672 110 QUAEST.
690 72 769 104 Lm.
788 72 835 104 11.
853 73 935 105 CAP.
948 75 979 105 3.

212 161 297 186 tanto
312 157 343 187 in
359 157 472 188 honore
488 168 648 199 nunquam
663 159 778 197 fuisset,
792 159 849 190 nisi
861 159 1102 191 doctissimorum

214 200 456 230 contentionibus
472 200 767 243 dissensionibusque
779 202 930 242 viguisset.

257 243 465 280 Quamobrem
481 243 584 273 hortor
599 255 714 281 omnes,
732 246 785 285 qui
801 245 896 275 facere
911 245 941 275 id
962 251 1099 286 possunt,

212 291 247 315 nt
262 286 353 324 hujus
369 296 491 326 quoque
506 287 622 326 generis
634 288 755 317 laudem
769 289 834 327 jam
847 289 1003 329 languenti
1014 289 1100 318 Grae-

212 328 265 358 ciae
281 328 418 368 eripiant,
436 335 464 358 et
484 330 635 369 perferant
649 330 679 359 in
695 330 773 361 hanc
794 332 912 368 urbem,
936 331 1012 361 sicut
1030 331 1100 361 reli-

211 382 287 411 quas
313 381 428 408 omnes,
448 383 517 412 quae
540 372 663 412 quidem
684 379 768 403 erant
792 373 977 414 expetendae,
1000 374 1100 403 studio

210 419 301 454 atque
317 414 464 444 industria
480 415 535 444 sua
549 416 677 454 majores
687 417 779 445 nostri
789 417 1014 446 transtulerunt.
1038 417 1100 446 At-

211 467 271 496 que
286 463 438 486 oratorum
455 458 577 498 quidem
594 458 671 493 laus,
688 458 730 488 ita
745 459 835 488 ducta
857 461 894 489 ab
910 459 1031 495 humili,
1048 470 1099 489 ve-

211 499 256 528 nit
272 499 309 529 ad
326 510 493 537 summum,
511 506 545 530 ut
557 502 621 539 jam
639 501 734 541 (quod
752 508 860 531 natura
879 502 937 532 fert
951 502 983 531 in
998 502 1098 531 omni-

209 543 266 572 bus
292 542 353 572 fere
379 544 481 579 rebus)
504 549 646 579 senescat,
677 544 820 584 brevique
839 550 973 585 tempore
991 545 1029 574 ad
1049 545 1097 574 ni-

209 583 307 614 hilum
321 591 447 615 ventura
459 586 603 615 videatur.
622 586 818 627 Philosophia
828 593 967 617 nascatur
977 587 1096 617 Latinis

208 627 331 667 quidem
348 629 441 658 literis
457 639 494 658 ex
510 629 556 658 his
572 629 778 668 temporibus3
803 640 931 670 eamque
943 639 996 659 nos
1008 630 1095 669 adju-

208 680 335 706 vemus;
359 680 474 711 nosque
494 671 573 711 ipsos
593 671 733 711 redargui
754 672 909 712 refellique
924 672 1095 713 patiamur:

208 713 290 753 quod
314 714 335 743 ii
359 714 461 743 ferunt
483 714 585 743 animo
603 714 719 754 iniquo,
737 715 789 755 qui
809 715 896 745 certis
913 715 1096 756 quibusdam

208 755 422 797 destinatisque
447 757 600 786 sententiis
625 757 711 797 quasi
735 758 845 788 addicti
875 764 905 787 et
934 758 1096 788 consecrati

206 805 287 835 sunt,
305 800 400 840 eaque
416 800 588 830 necessitate
603 800 763 837 constricti,
781 806 825 837 ut,
843 800 934 830 etiam
950 811 1018 841 quae
1034 811 1095 831 non

204 843 331 880 probare
356 843 481 878 soleant,
499 853 533 872 ea
553 849 709 882 cogantur,
731 843 905 873 constantiae
924 844 1024 879 causa,
1042 844 1094 874 de-

205 883 335 915 fendere.
361 886 438 921 Nos,
452 885 505 926 qui
520 886 676 926 sequimur
691 887 869 926 probabilia,
886 896 951 923 nec,
968 887 1048 916 ultra
1064 886 1095 916 id

203 927 285 966 quod
301 928 460 958 verisimile
476 928 647 964 occurrerit,
664 929 803 968 progredi
819 939 990 969 possumus,
1003 935 1032 959 et
1047 940 1093 959 re-

204 970 307 1000 erere
333 971 396 1001 sine
416 971 593 1012 pertinacia,
616 976 645 1001 et
664 971 760 1001 refelli
776 971 839 1002 sine
854 972 1022 1009 iracundia,
1039 983 1092 1013 pa-

202 1013 260 1042 rati
276 1024 390 1043 sumus.

245 1057 338 1093 Quod
354 1057 378 1086 si
393 1057 457 1087 haec
478 1057 578 1087 studia
593 1057 730 1087 traducta
745 1063 832 1087 erunt
850 1057 888 1087 ad
908 1064 1034 1095 nostros,
1054 1067 1092 1088 ne

200 1099 389 1129 bibliothecis
402 1100 525 1140 quidem
539 1100 652 1130 Graecis
668 1101 833 1140 egebimuS,
845 1101 876 1130 in
889 1101 1000 1141 quibus
1010 1102 1092 1131 mul-

200 1141 299 1171 titudo
323 1142 442 1172 infinita
465 1143 612 1173 librorum
638 1148 691 1179 est,
714 1149 834 1184 propter
856 1154 960 1173 eorum
985 1144 1091 1174 multi-

200 1184 338 1215 tudinem
363 1186 416 1226 qui
442 1186 623 1226 scripserunt
636 1197 645 1221 ;
670 1186 773 1215 eadem
798 1187 879 1216 enim
905 1187 1047 1216 dicuntur
1072 1198 1091 1217 a

201 1228 327 1264 multis;
353 1239 389 1258 ex
406 1239 467 1269 quo
478 1229 561 1258 libris
573 1228 676 1258 omnia
691 1229 870 1259 referserunt
884 1241 891 1258 :
917 1229 999 1269 quod
1014 1230 1090 1260 acci-

201 1270 252 1300 det
268 1271 358 1300 etiam
374 1271 492 1307 nostris,
510 1271 534 1301 si
553 1272 591 1301 ad
611 1271 675 1301 haec
696 1272 795 1301 studia
815 1273 917 1312 plures
936 1272 1090 1302 confluxe-

197 1313 277 1343 rint:
303 1314 354 1344 sed
370 1325 430 1349 eos,
448 1314 471 1343 si
487 1325 659 1354 possumus,
677 1315 854 1351 excitemus,
871 1315 937 1355 qui,
956 1315 1089 1345 liberali-

197 1361 243 1385 ter
265 1357 386 1393 eruditi,
403 1357 540 1386 adhibita
563 1357 653 1387 etiam
674 1357 837 1388 disserendi
860 1358 1019 1398 elegantia,
1041 1368 1090 1388 ra-

197 1398 280 1429 tione
291 1405 321 1430 et
336 1400 384 1429 via
399 1400 659 1441 philosophantur.

241 1442 306 1472 111.
340 1442 398 1472 Est
424 1443 505 1472 enim
532 1443 685 1483 quoddam
711 1453 806 1484 genus
831 1454 947 1480 eorum,
975 1443 1028 1484 qui
1058 1454 1089 1474 se

195 1484 391 1526 philosophos
412 1486 558 1526 appellari
577 1486 694 1522 volunt,
711 1497 842 1527 quorum
863 1487 1004 1516 dicuntur
1025 1497 1087 1517 esse

196 1528 301 1557 Latini
318 1538 388 1558 sane
408 1529 499 1558 multi
519 1529 610 1565 libri;
635 1539 710 1569 quos
731 1539 791 1558 non
816 1535 975 1559 contemno
1002 1530 1087 1571 equi-

194 1570 277 1608 dem,
288 1572 402 1611 quippe
414 1581 489 1612 quos
501 1581 659 1612 nunquam
670 1572 794 1612 legerim
805 1583 815 1608 ς
839 1571 901 1608 sed,
915 1572 987 1613 quia
996 1572 1087 1613 profi-

194 1618 296 1643 tentur
306 1613 363 1654 ipsi
376 1614 419 1643 illi
432 1614 485 1654 qui
495 1625 544 1644 eos
559 1614 704 1652 scribunt,
721 1625 752 1645 se
767 1625 865 1656 neque
880 1615 1018 1645 distincte
1033 1625 1086 1645 ne-

193 1666 253 1696 que
268 1656 426 1687 distribute
442 1667 540 1698 neque
552 1658 702 1698 eleganter
711 1667 810 1698 neque
822 1664 925 1688 ornate
935 1658 1061 1688 scribere
1073 1669 1083 1694 ;

190 1699 349 1730 lectionem
365 1699 427 1731 sine
451 1700 516 1732 ulla
531 1699 726 1733 delectatione
741 1701 872 1742 negligo.
896 1700 981 1740 Quid
1004 1701 1085 1732 enim
