1180 1935
169 65 233 97 398
273 63 334 94 DE
358 62 466 93 NAT.
490 60 626 92 DEOR.
650 60 729 90 LIB.
749 59 793 90 11.
814 58 898 89 CAP.
914 58 966 88 66.

171 149 343 191 cuiquam,]
360 158 378 179 a
390 147 458 179 Diis
467 146 691 177 immortalibus
702 145 780 176 data.
804 144 885 182 Quae
899 144 924 175 si
935 143 1055 183 singula

171 203 224 224 vos
239 192 315 222 forte
329 201 389 221 non
405 197 538 229 movent,
555 189 694 219 universa
708 194 785 219 certe
800 193 912 225 tamen,
933 187 1010 217 inter
1024 195 1056 217 se

172 245 309 267 connexa
323 240 414 275 atque
429 234 599 272 conjuncta,
616 241 736 262 movere
750 231 912 261 debebunt.

217 278 284 308 Nec
307 287 376 307 vero
399 277 537 306 universo
559 274 661 315 generi
684 274 844 304 hominum
868 273 978 310 solum,
1004 271 1056 302 sed

173 320 265 351 etiam
281 319 418 360 singulis,
434 330 452 349 a
468 319 535 348 Diis
550 318 772 348 immortalibus
787 316 901 346 consuli
917 322 945 346 et
957 314 1056 356 provi-

173 364 237 394 deri
253 364 336 393 solet.
371 362 457 392 Licet
471 362 553 391 enim
568 361 740 391 contrahere
760 358 985 389 universitatem
1005 367 1058 398 ge-

174 407 253 436 neris
273 405 412 442 humani,
430 415 558 445 eamque
578 403 729 444 gradatim
749 401 788 432 ad
807 401 972 442 pauciores,
988 410 1058 442 pos-

174 455 271 479 tremo
287 447 433 478 deducere
447 447 486 477 ad
501 447 644 486 singulos.

218 491 342 522 LXVI.
367 491 462 527 Nam,
486 490 511 519 si
530 489 671 519 omnibus
686 487 860 518 hominibus
876 486 930 528 qui
944 486 1058 527 ubique

174 540 256 573 sunt,
273 533 467 574 quacumque
486 533 518 562 in
542 532 595 562 ora
614 542 648 562 ac
668 537 752 571 parte
770 536 930 567 terrarum,
946 531 984 560 ab
999 529 1059 559 hu-

171 579 257 617 jusce
277 583 374 613 terrae,
391 585 485 616 quam
500 585 554 605 nos
575 574 744 611 incolimus,
766 573 989 604 continuatione
1012 571 1059 601 di-

175 619 333 656 stantium,
353 618 436 648 Deos
457 618 610 648 consulere
630 627 785 647 censemus
808 617 847 646 ob
871 626 920 646 eas
943 625 1058 653 causas,

175 673 252 703 quas
263 668 332 692 ante
343 661 494 697 diximus3
511 660 558 690 his
571 670 691 701 quoque
702 659 877 689 hominibus
886 658 1058 696 consulunt,

175 705 230 746 qui
244 705 299 735 has
319 704 476 734 nobiscum
498 709 589 733 terras
610 704 648 732 ab
668 702 793 733 Oriente
809 701 847 731 ad
862 699 1060 732 Occidentem

175 748 288 778 colunt.
312 747 366 777 Sin
381 752 483 776 autem
499 746 545 775 his
561 745 733 782 consulunt,
751 744 803 785 qui
819 743 904 784 quasi
916 753 1060 784 magnam

176 789 344 831 quamdam
364 789 495 819 insulam
514 788 659 823 incolunt,
680 798 773 827 quam
788 797 841 816 nos
856 787 959 817 orbem
975 792 1061 816 terrae

177 843 339 868 vocamus;
361 832 453 862 etiam
468 831 527 861 illis
542 830 714 867 consulunt,
736 830 789 870 qui
810 834 908 869 partes
929 830 994 868 ejus
1015 829 1062 858 in·

176 877 251 906 sulae
275 880 388 912 tenent,
413 875 582 914 Europam,
604 873 725 909 Asiam,
746 872 895 902 Africam.
927 872 1012 911 Ergo
1033 877 1062 902 et

177 928 282 949 earum
297 924 395 958 partes
411 917 553 956 diligunt,
575 922 610 945 ut
631 916 776 952 Romam,
797 915 947 952 Athenas,
971 916 1062 954 Spar-

178 967 254 998 tam,
271 960 435 991 Rhodum:
456 965 485 989 et
500 969 604 989 earum
620 958 754 995 urbium,
771 958 930 998 separatim
943 958 981 987 ab
993 957 1062 987 uni-

178 1004 282 1041 versis,
307 1003 440 1043 singulos
462 1002 604 1042 diligunt,
628 1007 663 1031 ut
686 1001 796 1042 Pyrrhi
819 1001 898 1030 bello
919 1000 1061 1038 Curium,

179 1047 366 1084 Fabricium,
378 1044 602 1075 Coruncanium
612 1055 620 1079 ;
637 1044 736 1084 primo
746 1043 862 1074 Punico
873 1043 1061 1080 Calatinum,

179 1089 346 1126 Duillium,
378 1088 554 1123 Metellum,
582 1087 742 1116 Lutatium
757 1097 765 1122 ;
801 1085 930 1116 secundo
957 1085 1064 1115 Maxi-

178 1142 278 1169 mum,
296 1132 491 1168 Marcellum,
510 1129 713 1165 Africanum3
739 1135 805 1169 post
826 1129 891 1165 hos,
915 1128 1061 1166 Paulum,

180 1175 365 1211 Gracchum,
379 1174 537 1210 Catonem,
549 1179 708 1213 patrumve
720 1171 866 1202 memoria
879 1171 1063 1211 Scipionem,

181 1217 336 1248 Laelium:
364 1217 537 1256 multosque
558 1222 701 1255 praeterea
724 1220 752 1244 et
775 1221 875 1244 nostra
897 1214 1011 1251 civitas,
1035 1220 1064 1244 et

182 1261 310 1297 Graecia,
338 1260 408 1290 tulit
429 1259 594 1299 singulares
619 1258 715 1293 viros;
744 1267 875 1298 quorum
897 1256 1063 1293 neminem,

180 1303 238 1337 nisi
251 1304 376 1342 juvante
392 1302 470 1338 Deo,
488 1302 579 1331 talem
595 1301 696 1337 fuisse,
714 1300 895 1330 credendum
909 1305 960 1330 est.
985 1299 1065 1337 Quae

180 1346 256 1376 ratio
282 1348 396 1386 poetas,
428 1345 620 1384 maximeque
651 1343 834 1381 Homerum,
865 1342 999 1383 impulit,
1030 1348 1066 1372 ut

181 1388 367 1430 principibus
379 1387 515 1423 heroum,
530 1386 645 1427 Ulyssi,
657 1386 811 1422 Diomedi,
824 1385 1064 1425 Agamemnoni,

181 1431 310 1469 Achilli,
338 1436 431 1461 certos
458 1430 551 1467 Deos,
577 1429 785 1459 discriminum
812 1434 841 1458 et
862 1428 1066 1469 periculorum

181 1474 316 1510 comites,
347 1473 532 1513 adjungeret.
579 1473 728 1502 Praeterea
763 1472 896 1511 ipsorum
927 1470 1066 1501 Deorum

182 1527 261 1557 saepe
281 1516 456 1557 praesentiae,
473 1516 577 1556 quales
598 1525 688 1556 supra
708 1514 952 1551 commemoravi,
968 1513 1068 1544 decla-

182 1565 262 1596 rant,
279 1561 317 1589 ab
332 1559 379 1589 his
395 1565 424 1589 et
438 1559 608 1589 civitatibus
624 1564 653 1588 et
668 1557 793 1597 singulis
808 1556 982 1587 hominibus
997 1566 1068 1586 con-

183 1603 251 1632 suli.
272 1602 365 1639 Quod
377 1602 499 1642 quidem
512 1601 690 1641 intelligitur
700 1601 789 1630 etiam
800 1599 1068 1639 significationibus

184 1655 285 1675 rerum
301 1645 486 1680 futurarum,
503 1655 571 1684 quae
587 1650 653 1674 tum
670 1643 899 1679 dormientibus,
913 1647 979 1672 tum
992 1641 1068 1682 vigi-

184 1688 329 1725 lantibus,
360 1687 589 1728 portenduntur.
628 1686 732 1717 Multa
761 1691 903 1726 praeterea
932 1684 1066 1721 ostentis,

184 1731 284 1762 multa
301 1731 331 1761 in
350 1731 438 1771 extis,
459 1730 670 1768 admonemur,
692 1729 857 1770 multisque
877 1728 967 1760 rebus
988 1727 1066 1764 aliis,
