1180 1935
173 108 236 138 422
279 107 341 138 DE
365 107 472 138 NAT.
485 107 622 139 DEOR.
638 107 718 138 Lm.
735 107 801 138 ΙΙΙ.
817 107 900 139 CAP.
913 109 964 139 26.

172 193 313 234 suscepit,
336 200 365 224 et
379 194 505 224 minime
520 193 725 231 necessariam,
748 193 864 234 primus
877 194 970 232 Zeno,
986 199 1053 234 post

172 236 344 273 Cleanthes,
368 237 474 267 deinde
494 237 694 277 Chrysippus,
717 237 992 267 commenticiarum
1008 237 1055 266 fa-

171 279 314 309 bularum
335 280 456 310 reddere
476 280 641 315 rationem3
665 280 890 316 vocabulorum,
914 290 967 310 cur
986 279 1054 320 qui-

171 332 231 361 que
246 322 288 352 ita
307 323 449 363 appellati
464 322 533 360 sint,
558 333 660 353 causas
680 322 837 363 explicare.
869 322 962 360 Quod
983 332 1053 352 cum

171 364 278 403 facitis,
294 365 371 395 illud
386 366 517 406 profecto
532 365 725 403 confitemini,
741 366 830 406 longe
845 366 930 395 aliter
945 375 1009 395 rem
1025 375 1055 394 se

172 407 292 445 habere,
316 414 406 449 atque
426 409 586 439 hominum
610 408 710 449 opinio
733 408 789 438 sit:
814 418 862 438 eos
885 406 977 445 enim,
1001 408 1055 448 qui

172 448 227 480 Dii
256 452 456 492 appellentur,
483 461 585 482 rerum
610 458 732 481 naturas
758 461 830 489 esse,
857 460 918 481 non
943 451 1055 491 figuras

173 491 321 524 Deorum.

214 536 324 567 XXV.
348 535 413 575 Qui
429 543 530 568 tantus
545 547 625 567 error
639 537 709 575 fuit⁷
724 542 759 567 ut
778 535 950 577 perniciosis
966 534 1055 566 etiam

170 579 260 609 rebus
285 589 345 609 non
372 581 462 610 modo
488 590 599 610 nomen
625 580 762 610 Deorum
788 580 978 617 tribueretur,
1005 578 1057 608 sed

172 621 263 651 etiam
280 633 361 652 sacra
376 623 634 653 constituerentur.
672 622 776 653 Febris
796 622 877 652 enim
897 621 1003 651 fanum
1023 621 1055 651 in

173 663 302 703 Palatio,
325 671 353 695 et
368 665 502 695 Orbonae
517 665 555 695 ad
570 665 665 695 aedem
682 665 809 702 Larum,
826 671 855 694 et
869 674 953 695 aram
967 664 1057 694 malae

172 706 316 737 Fortunae
331 707 477 748 Esquiliis
493 714 693 738 consecratam
708 708 854 737 videmus.
878 706 989 738 Omnis
1001 707 1057 746 igi-

171 755 222 779 tur
234 751 302 780 talis
317 761 335 780 a
346 751 536 791 philosophia
548 751 677 791 pellatur
688 761 778 786 error5
795 756 841 787 ut,
858 760 927 780 cum
940 749 977 780 de
989 749 1058 780 Diis

171 792 395 824 immortalibus
414 794 613 834 disputemus,
637 793 772 823 dicamus
796 793 889 833 digna
908 792 976 822 Diis
999 792 1058 822 im-

171 836 371 872 mortalibus;
396 836 433 866 de
455 837 565 877 quibus
585 836 682 866 habeo
705 836 779 876 ipse,
803 836 885 876 quod
909 835 1056 871 sentiam3

172 888 234 908 non
254 879 350 909 habeo
374 886 488 917 autem⁷
513 879 595 920 quod
614 879 670 908 tibi
691 878 841 908 assentiar.
875 879 1057 918 Neptunum

172 931 235 951 esse
256 921 329 952 dicis
352 923 489 952 animum
511 932 580 952 cum
600 921 799 961 intelligentia
819 932 872 962 per
892 931 976 951 mare
990 931 1058 961 per-

172 964 338 995 tinentem:
363 966 444 995 idem
459 965 497 995 de
513 965 628 995 Cerere.
654 965 749 994 Istam
765 970 867 994 autem
887 963 1058 1003 intelligen-

172 1007 247 1037 tiam
263 1013 316 1038 aut
335 1009 426 1038 maris
441 1014 493 1038 aut
509 1014 604 1045 terrae‚
627 1017 687 1037 non
703 1007 793 1036 modo
808 1006 1059 1047 comprehendere

172 1050 287 1088 animo,
311 1051 362 1081 sed
382 1061 420 1081 ne
436 1051 602 1091 suspicione
617 1050 740 1091 quidem
760 1060 883 1090 possum
902 1049 1057 1089 attingere.

174 1093 284 1133 Itaque
296 1094 417 1124 aliunde
429 1094 505 1124 mihi
517 1093 713 1134 quaerendum
726 1098 779 1129 est,
796 1098 832 1122 ut
847 1098 876 1122 et
891 1102 952 1122 esse
964 1092 1057 1129 Deoe,

174 1141 204 1166 et
218 1137 322 1176 quales
342 1137 401 1167 sint
422 1137 487 1175 Dii,
510 1136 620 1166 discere
637 1135 768 1176 possi1n3
793 1145 886 1176 quam
906 1135 1010 1176 quales
1025 1141 1058 1165 tu

173 1189 223 1209 eos
239 1190 300 1209 esse
315 1180 368 1210 vis.

216 1222 384 1253 Videamus
410 1233 455 1259 ea,
487 1233 555 1263 quae
581 1226 766 1262 sequuntur:
800 1220 946 1262 primum,
977 1220 1060 1250 Deo-

173 1274 282 1295 rumne
296 1265 484 1305 providentia
499 1265 632 1295 mundus
647 1270 786 1305 regatur:
811 1264 930 1301 deinde,
953 1273 1060 1294 oonsu-

173 1308 277 1338 lantne
291 1310 380 1338 rebus
395 1308 546 1338 humanis.
582 1308 658 1338 Haec
677 1307 758 1337 enim
773 1307 850 1336 mihi
866 1317 902 1337 ex
919 1306 971 1336 tua
991 1317 1060 1347 par-

172 1351 277 1381 titione
292 1357 404 1381 restant
418 1351 499 1387 duo;
523 1351 560 1381 de
576 1351 697 1392 quibus,
722 1350 747 1380 si
761 1350 844 1380 vobis
860 1349 989 1385 videtur,
1013 1359 1061 1379 ac-

173 1394 306 1424 curatius
326 1394 532 1424 disserendum
553 1400 637 1434 puto.
661 1393 746 1423 Mihi
766 1403 846 1430 vero,
866 1392 965 1432 inquit
986 1391 1061 1422 Vel-

172 1436 261 1474 leius,
284 1436 372 1467 valde
396 1437 532 1467 videtur:
557 1447 629 1467 nam
656 1442 685 1466 et
708 1437 824 1475 majora
847 1440 1007 1475 exspecto;
1031 1439 1060 1464 et

173 1478 232 1517 his,
262 1490 330 1520 quae
356 1480 436 1510 dicta
461 1486 542 1518 sunt,
571 1480 763 1510 vehementer
789 1478 941 1508 assentior.
974 1476 1061 1507 Tum

174 1522 306 1560 Balbus,
334 1523 530 1564 Interpellare
555 1528 596 1560 te,
626 1521 736 1562 inquit,
765 1521 865 1558 Cotta,
892 1521 981 1550 nolo:
1010 1519 1061 1549 sed

173 1575 330 1595 sumemus
354 1571 474 1607 tempus
497 1566 590 1596 aliud.
623 1565 765 1596 Efficiam
788 1564 932 1606 profectu,
956 1567 992 1594 ut
1016 1561 1062 1592 fa-

175 1612 265 1639 teare.
288 1608 349 1639 Sed
365 1608 382 1626 *
400 1609 417 1626 '¹‘
436 1609 454 1626 ⁴*

429 1669 475 1698 Μ
475 1669 538 1698 ulta
553 1668 670 1698 desunt.

218 1736 346 1787 XXVI.
370 1740 393 1757 “
414 1739 622 1782 Nequaquam
646 1739 722 1771 istuc
745 1738 819 1770 istac
844 1736 920 1769 ibit:
948 1744 1062 1777 magna

301 1787 379 1814 mest
393 1783 515 1814 certatio
526 1794 536 1814 ι
