1226 1935
190 57 252 89 204
313 58 437 90 TUSC.
453 59 627 98 QUAEST.
645 60 723 90 Lm.
739 60 804 91 ΙΙΙ,
822 60 906 91 CAP.
923 62 974 91 23.

190 150 244 174 aut
266 145 419 187 Sicyonios
441 146 571 177 diceres.
596 147 754 187 magisque
776 157 826 177 me
845 154 1001 178 moverant
1024 148 1083 179 Co·

191 188 285 218 rinthi
300 189 399 219 subito
417 190 564 230 adspectae
584 190 748 230 parietinae,
772 201 865 238 quam
881 191 960 231 ipsos
976 191 1083 221 Corin-

190 231 280 269 thios,
303 243 433 273 quorum
449 233 557 263 animis
580 233 724 264 diuturna
744 233 883 273 cogitatio
904 234 1016 264 callum
1032 245 1083 264 ve-

192 275 311 305 tustatis
340 276 516 306 obduxerat.
569 276 716 316 Legimus
745 276 858 306 librum
889 277 1081 315 Clitomachi,

192 328 285 358 quem
295 319 356 355 ille,
371 319 471 349 eversa
483 319 677 360 Carthagine,
691 319 784 357 misit,
798 320 970 349 consolandi
982 321 1083 357 causa,

191 361 230 390 ad
251 362 382 402 captivos
405 362 482 393 cives
504 373 580 393 suos.
612 363 649 392 In
672 373 706 392 eo
729 369 772 392 est
792 362 954 403 disputatio
977 363 1087 404 scripta

191 404 365 454 Carneadis,
382 416 475 454 quain
496 416 526 436 se
547 406 588 436 ait
610 405 640 435 in
664 406 915 436 commentarium
938 406 1083 437 retulisse.

192 447 273 477 Cum
289 448 332 478 ita
353 449 486 489 positum
502 454 587 485 esset,
614 451 635 466 “
649 449 755 479 Videri
775 449 837 479 fore
852 450 883 478 in
905 449 1085 490 aegritudine

191 491 368 531 sapientem,
400 492 498 532 patria
527 491 658 532 eapta;''
691 503 759 540 quae
784 492 952 522 Carneades
982 499 1085 523 contra

191 533 311 572 dixerit,
336 535 444 575 scripta
459 540 538 565 sunt.
574 535 676 564 Tanta
695 534 787 575 igitur
810 535 987 565 calamitatis
1007 547 1085 576 prae-

192 577 282 607 sentis
305 578 465 608 adhibetur
488 589 506 607 a
530 560 725 618 philosoph0⁰
732 577 892 615 medicina,
917 584 1031 619 quanta
1053 579 1084 608 in

190 620 356 651 inveterata
381 631 419 650 ne
445 621 629 651 desideratur
656 620 789 661 quidem.
829 621 906 658 Nec,
927 621 951 651 si
970 621 1086 662 aliquot

192 664 278 693 annis
302 671 369 704 post
392 664 473 693 idem
488 664 539 693 ille
558 664 634 693 liber
649 664 772 704 captivis
787 663 895 694 missus
911 670 996 702 esset,
1017 665 1085 695 vul-

192 707 313 737 neribus
334 707 514 743 mederetur,
531 707 582 737 sed
598 707 792 737 cicatricibus.
825 707 943 737 Sensim
960 707 1040 737 enim
1057 714 1086 738 et

193 750 378 790 pedetentim
401 750 594 791 progrediens
617 756 798 780 extenuatur
819 750 923 786 dolor;
948 760 1008 781 non
1025 762 1087 792 quo

194 793 261 834 ipsa
281 804 327 824 res
347 794 503 823 immutari
525 794 627 832 soleat,
651 799 703 823 aut
727 793 838 834 possit:
864 794 915 823 sed
938 793 981 830 id,
1005 794 1088 834 quod

194 837 270 867 ratio
290 837 444 875 debuerat,
467 847 539 867 usus
559 836 655 873 docet,
675 836 792 867 minora
807 847 868 867 esse
883 847 928 874 ea,
946 848 1015 878 quae
1030 837 1090 867 sint

197 879 261 910 visa
275 881 400 919 majora.

238 923 372 954 XXIII.
402 922 487 962 Quid
508 934 578 964 ergo
598 933 675 964 opus
698 930 740 953 cst
761 923 853 957 (dicet
877 923 1001 964 aliquis)
1023 934 1090 954 ora-

192 966 284 1003 tione,
302 973 355 997 aut
369 967 493 996 omnino
508 967 709 997 consolatione
720 967 795 1001 ulla,
810 967 871 1007 (11ιῖ1
887 967 1018 997 solemus
1030 967 1087 1004 uti,

194 1020 264 1040 cum
280 1010 378 1040 levare
390 1010 523 1039 dolorem
538 1010 729 1040 moerentium
740 1010 881 1040 volumus
893 1012 906 1040 :³
924 1010 993 1040 Hoc
1008 1010 1089 1040 enim

195 1052 257 1083 fere
271 1059 338 1083 tum
353 1053 501 1083 habemus
516 1053 547 1082 111
563 1060 696 1093 promtu,
714 1052 789 1082 nihil
804 1060 939 1093 oportere
953 1053 1091 1094 inopina-

196 1102 264 1126 tum
288 1096 389 1126 videri.
414 1096 514 1137 Atqui
540 1096 725 1126 tolerabilius
752 1095 826 1126 feret
849 1096 1090 1133 incommodum,

197 1140 251 1180 qui
272 1140 453 1181 cognoverit,
475 1149 592 1169 necesse
611 1150 673 1169 esse
696 1138 810 1168 homini
832 1140 890 1168 tale
905 1139 1021 1180 aliquid
1040 1150 1090 1170 ac-

195 1182 301 1213 cidere.
327 1183 404 1213 Haec
425 1182 507 1213 enim
528 1182 622 1212 oratio
638 1182 675 1212 de
694 1182 760 1222 ipsa
779 1182 900 1211 summit
919 1183 993 1212 mali
1013 1183 1091 1212 nihil

198 1225 347 1256 detrahit:
372 1225 585 1256 tantummodo
611 1225 707 1262 affert,
737 1225 813 1254 nihil
840 1225 981 1263 evenisse,
1009 1226 1092 1267 quod

194 1279 255 1299 non
285 1269 474 1310 opinandum
511 1268 624 1299 fuisset.
665 1269 775 1309 Neque
804 1274 905 1298 tamen
935 1279 1030 1308 genus
1059 1269 1090 1299 id

196 1312 338 1343 orationis
363 1312 394 1341 in
421 1311 602 1342 consolando
627 1321 687 1341 non
715 1311 811 1342 valet:
839 1310 906 1350 [sed
932 1311 979 1353 id]
1007 1312 1090 1342 haud

198 1355 290 1386 sciam
313 1365 352 1385 an
376 1355 554 1396 plurimum.
584 1354 668 1395 Ergo
688 1354 745 1384 ista
765 1355 942 1395 necopinata
962 1365 1022 1385 non
1038 1356 1093 1386 ha-

197 1400 270 1429 bent
294 1405 410 1429 tantam
435 1398 509 1435 vim,
535 1404 570 1428 ut
595 1398 742 1438 aegritudo
767 1408 803 1427 ex
823 1398 870 1428 his
893 1398 991 1428 omnis
1014 1399 1091 1429 oria-

199 1447 257 1472 tur.
287 1442 414 1472 Feriunt
436 1441 518 1471 enim
540 1441 664 1471 fortasse
686 1440 826 1481 gravius:
854 1440 946 1482 [non]
971 1441 1003 1472 id
1028 1442 1092 1472 effi-

200 1485 295 1522 ciunt,
318 1491 352 1514 ut
368 1495 413 1521 ea,
430 1495 500 1525 quae
520 1484 667 1521 accidant,
689 1485 804 1532 majora
820 1484 985 1514 videantur.
1011 1484 1095 1523 Quia

200 1527 329 1558 recentia
344 1533 425 1565 sunt,
445 1526 629 1567 [videntur,]
646 1537 706 1557 non
723 1527 795 1568 quia
809 1527 972 1567 repentina.

245 1570 371 1612 Duplex
387 1577 430 1601 est
451 1571 544 1611 igitur
565 1570 640 1600 ratio
656 1571 717 1601 veri
739 1570 915 1611 reperiendi,
936 1580 996 1600 non
1012 1571 1042 1600 in
1058 1571 1095 1603 115

201 1615 300 1644 50111111
317 1625 385 1655 quae
397 1614 489 1662 mala,
506 1613 579 1643 sed
572 1623 603 1643 111
619 1613 654 1643 115
666 1614 757 1644 etiam
770 1624 839 1654 quae
848 1615 927 1643 bona
942 1614 1093 1644 videntur.

202 1658 286 1687 Nam
302 1663 365 1693 aut,
383 1657 476 1697 ipsius
491 1657 533 1686 rei
543 1663 651 1686 natura
666 1657 763 1698 qualis
779 1663 807 1686 et
822 1663 937 1697 quanta
946 1657 994 1695 sit,
1012 1668 1095 1698 quae-

200 1701 307 1737 rimus,
332 1706 366 1730 ut
397 1700 434 1730 de
456 1705 632 1740 paupertate
655 1710 887 1740 nonnunquam,
911 1701 998 1739 cujus
1018 1710 1095 1731 onus

200 1743 385 1785 disputando
400 1744 550 1779 levamus,
574 1743 724 1779 docentes,
742 1753 835 1784 quani
851 1754 943 1784 parva
958 1749 987 1774 et
1002 1754 1096 1784 quam

200 1797 296 1828 pauca
312 1786 382 1825 sint,
404 1798 473 1828 quae
497 1792 606 1817 natura
629 1786 794 1827 desideret3
819 1792 872 1818 aut
887 1797 904 1817 a
923 1786 1097 1828 disputandi
