1180 1935
193 117 258 153 376
303 116 364 148 DE
382 116 492 148 NAT.
509 115 646 148 DEOR.
663 115 742 146 Lm.
756 115 803 146 ΙΙ.
819 114 903 146 ΟΑΡ.
919 115 970 146 42.

236 206 259 221 ‘⁸
273 203 324 233 Ex
339 203 386 233 his
401 203 496 233 altera
510 202 593 243 apud
610 202 717 232 Graios
733 201 891 243 Cynosura
905 205 1027 232 vocatur
1040 212 1051 237 ς

233 246 344 276 Altera
358 246 469 276 dicitur
483 256 545 276 esse
562 245 670 276 Helice
680 245 713 282 ;'’

196 317 286 356 cujus
301 316 424 358 quidem
440 316 619 347 clarissimas
634 315 732 345 stellas
747 313 816 345 totis
831 313 968 345 noctibus
988 312 1084 343 cerni-

197 370 278 397 mus,

239 420 261 436 “
275 418 362 456 Quas
378 419 471 448 nostri
487 418 610 458 Septem
626 416 705 446 soliti
720 416 848 447 vocitare
863 414 1025 445 Triones.''

192 489 381 530 Paribusque
407 488 499 519 stellis
521 487 657 518 similiter
678 486 824 517 distinctis
846 485 988 516 eumdem
1008 484 1074 515 coeli

191 532 332 563 verticem
349 533 455 562 lustrat
470 541 562 572 parva
578 531 744 571 Cynosura.

237 592 260 608 “
278 591 347 620 Hac
359 590 458 619 fidunt
470 589 545 619 duce
560 589 707 619 nocturna
723 587 878 618 Phoenices
893 587 924 616 in
940 587 1011 616 alto.

238 633 297 663 Sed
314 633 395 673 prior
410 633 463 662 illa
477 632 573 672 magis
586 632 677 661 stellis
693 631 832 661 distincta
846 630 986 670 refulget,

235 676 279 705 Et
294 676 353 705 late
362 675 461 716 prima
476 675 633 705 confestim
648 686 666 704 a
682 680 767 704 nocte
782 673 908 703 videtur.

238 719 316 748 Haec
332 729 400 748 vero
415 729 508 758 parva
523 724 585 748 est:
610 717 661 747 sed
676 717 775 746 nautis
787 727 859 746 usus
874 716 904 745 in
917 715 973 744 hac
985 719 1037 745 est.

237 761 322 791 Nam
339 772 427 791 cursu
444 761 583 791 interiore
594 760 677 790 brevi
693 758 875 790 convertitur
891 758 994 788 orbe.'’

218 820 346 893 IXLII.
378 820 432 858 Et,
450 830 511 862 quo
526 820 564 849 sit
578 829 683 849 earum
698 819 854 848 stellarum
874 817 1080 848 admirabilior

191 874 220 895 a(
232 869 360 904 spectus,

235 924 258 940 ‘⁶
275 922 342 952 Has
357 922 445 960 inter,
463 921 556 952 veluti
571 920 676 961 rapido
691 930 761 950 cum
776 919 895 960 gurgite
910 919 1036 957 flumen,

233 965 349 995 Torvu'
367 965 468 995 Draco
484 964 585 1004 serpit,
602 965 703 993 subter
718 973 869 1003 supraque
884 963 1038 992 revolvens

234 1009 315 1046 Sese,
332 1008 551 1049 conficiensque
567 1007 649 1037 sinus
664 1017 680 1036 e
695 1016 815 1046 corpore
832 1005 956 1035 flexos.‘'

190 1068 269 1108 Ejus
298 1078 368 1098 cum
388 1067 479 1097 totius
495 1072 537 1096 est
559 1066 702 1106 praeclara
717 1064 838 1104 species,
855 1063 887 1093 in
903 1063 1009 1104 primis
1030 1073 1081 1093 su-

188 1111 340 1152 spicienda
355 1116 399 1141 est
414 1111 511 1150 figura
526 1108 641 1150 capitis,
654 1114 745 1148 atque
757 1107 844 1136 ardor
859 1107 1026 1136 oculorum.

234 1174 256 1189 “
274 1171 358 1201 Huic
372 1180 432 1200 non
449 1179 510 1199 una
522 1168 612 1198 modo
624 1173 714 1208 caput
725 1176 834 1197 ornans
847 1166 932 1196 stella
943 1166 1055 1196 relucet
1068 1176 1079 1202 ς

234 1214 354 1245 Verum
370 1220 506 1253 tempora
521 1217 591 1241 sunt
606 1210 720 1251 duplici
736 1210 854 1249 fulgore
869 1215 991 1245 notata;

234 1257 263 1287 E
280 1257 475 1296 trucibusque
491 1254 583 1285 oculis
599 1254 659 1283 duo
669 1252 783 1283 fervida
794 1252 912 1281 lumina
924 1251 1053 1292 flagrant
1065 1262 1075 1289 ;

233 1299 341 1341 Atque
357 1309 417 1329 uno
433 1304 572 1328 mentum
588 1296 715 1326 radianti
732 1295 826 1327 sidere
841 1295 940 1326 lucet:

234 1342 401 1382 Obstipum
415 1347 516 1382 caput,
533 1346 562 1370 et
578 1339 662 1369 tereti
678 1338 789 1368 cervice
805 1337 963 1375 reflexum,

233 1385 390 1415 Obtutum
406 1384 437 1413 in
453 1383 549 1414 cauda
563 1382 686 1422 majoris
701 1381 791 1421 figere
807 1380 921 1410 dicas.''

192 1443 236 1474 Et
260 1444 410 1484 reliquum
434 1442 558 1485 quidem
574 1452 681 1482 corpus
697 1440 845 1471 Draconis
861 1440 929 1471 totis
944 1440 1082 1472 noctibus

189 1496 350 1518 cermmus.

236 1548 259 1563 ‘⁶
277 1545 345 1574 Hoc
360 1550 450 1584 caput
462 1544 512 1574 hic
528 1544 654 1584 paulum
672 1553 743 1579 sese,
758 1541 917 1582 subitoque
932 1542 1076 1581 recondit,

236 1588 333 1618 Ortus
345 1588 398 1618 ubi
413 1594 504 1628 atque
519 1587 618 1618 obitus
629 1592 714 1627 parte
726 1585 928 1617 admiscentur
940 1585 970 1615 in
984 1586 1078 1616 unass’

195 1654 234 1685 Id
249 1660 350 1684 autem
366 1660 456 1694 caput

232 1715 262 1787 G
276 1713 453 1770 AftingfssnS’
470 1712 585 1743 defessa
599 1711 682 1743 velut
696 1709 848 1742 moerentis
865 1709 977 1752 imago,

264 1762 380 1794 ertltur,
