1226 1935
200 38 242 67 82
340 37 401 69 DE
425 37 622 78 FINIBUS,
641 39 719 70 Lm.
737 38 778 70 V.
796 38 879 69 CAP.
898 38 946 69 16.

200 129 325 154 cantur:
350 124 458 155 deinde
484 126 651 167 aequalibus
675 125 872 161 delectantur,
897 124 1086 163 libenterque

201 176 232 195 se
258 177 328 196 cum
351 167 397 197 his
425 175 617 208 congregant,
638 168 771 209 dantque
791 179 822 198 se
841 168 880 198 ad
897 166 1086 197 ludendum:

201 209 442 251 fabellarumque
457 212 609 242 auditione
624 212 795 241 ducuntur:
821 211 918 251 deque
939 221 984 245 eo,
1005 208 1087 250 quod

201 252 272 292 ipsis
288 261 419 293 superat,
430 255 495 284 aliis
507 255 665 295 gratificari
678 255 784 285 volunt
796 266 803 284 :
829 253 1089 283 animadvertunt-

201 306 261 335 que
288 306 332 332 ea,
358 308 426 337 quae
452 297 534 327 domi
564 297 652 334 fiunt,
683 297 847 334 euriosius3
879 296 1089 336 incipiuntque

202 341 399 369 commentari
422 341 549 380 aliquid,
574 347 602 370 et
620 341 751 370 discere:
777 346 806 370 et
822 350 937 375 eorum,
955 349 1030 379 quos
1046 337 1090 367 vi-

202 381 285 418 dent,
304 383 409 412 volunt
424 393 484 413 non
501 384 637 424 ignorare
650 384 773 413 nomina
787 395 794 413 :
820 383 990 423 quibusque
1003 382 1091 410 rebus

202 434 273 453 cum
290 426 456 465 aequalibus
472 426 634 464 decertant,
652 427 676 456 si
691 426 827 463 vincunt,
844 426 971 455 efferunt
987 434 1017 453 se
1038 424 1091 452 lae-

205 467 292 503 titi213
318 469 387 498 victi
403 469 608 507 debilitantur,
620 469 796 509 animosque
808 469 980 498 demittunt.
1005 466 1093 504 Quo-

206 520 286 547 runi,
301 511 364 541 sine
380 512 481 549 causa,
499 513 563 542 fieri
579 513 655 541 nihil
667 512 838 552 putandum
855 517 907 541 est.

250 553 306 583 Est
325 555 405 584 enini
427 556 536 585 natura
557 555 597 585 sic
619 561 759 595 generata
782 554 825 584 vis
846 553 988 590 hominis,
1005 557 1039 581 ut
1054 551 1093 581 ad

205 607 328 626 omnem
359 598 501 627 virtutem
528 597 752 638 percipiendam
777 597 855 627 faeta
874 596 1028 626 videatur:
1054 597 1094 624 ob

207 650 335 680 eamque
350 650 471 670 causam
488 641 572 680 parvi
594 641 742 670 virtutum
764 639 942 674 sinmlacris,
963 648 1094 679 quarum

207 681 239 711 in
258 693 288 712 se
308 683 421 712 habent
441 684 566 721 semina,
581 683 643 713 sine
659 683 804 719 doetrinfi,
822 688 991 713 moventur.
1016 682 1095 711 Sunt

208 725 289 755 enim
306 726 405 766 prima
420 727 569 756 elementa
584 732 719 761 naturae-3
744 726 855 767 quibus
877 725 983 760 auctis,
1001 724 1097 754 virtu-

209 768 246 798 tis
262 769 348 808 quasi
364 779 484 799 carmen
500 769 635 799 efficitur.
676 770 771 806 Nam,
788 779 858 799 cum
874 769 916 798 ita
932 767 995 797 nati
1011 767 1098 797 facti-

208 822 267 852 que
283 811 387 849 simus,
405 818 439 842 ut
455 819 483 842 et
495 813 603 852 agendi
618 812 744 853 aliquid,
762 818 790 841 et
806 811 952 851 diligendi
967 811 1097 850 aliquos,

207 861 236 884 et
251 854 448 892 liberalitatis,
466 862 495 885 et
510 855 672 885 referendae
690 855 805 895 gratiae,
826 853 973 895 principia
991 853 1021 882 in
1044 863 1099 882 110-

208 898 254 927 bis
279 898 508 935 contineremus,
529 905 619 939 atque
640 898 679 928 ad
702 898 866 934 scientiam,
892 896 1096 937 prudentiam,

209 941 477 982 fortitudinemque
493 947 577 982 aptos
593 941 709 971 animos
729 941 919 975 haberemus,
944 950 962 969 a
982 945 1100 968 eontra-

208 984 320 1024 riisque
335 985 423 1014 rebus
439 984 550 1014 alienos
564 996 572 1020 3
597 995 657 1014 non
674 984 737 1013 sine
753 984 842 1014 causa
858 994 917 1019 eas,
932 992 1006 1022 quas
1022 981 1099 1018 dixi,

209 1027 240 1056 in
257 1027 356 1067 puen's
372 1027 520 1057 virtutum
537 1027 623 1068 quasi
639 1027 816 1057 scintillulas
832 1025 981 1061 videmus,
999 1035 1015 1054 e
1030 1024 1099 1065 qui-

210 1071 268 1099 bus
286 1070 407 1099 accendi
430 1070 603 1110 philosophi
625 1070 700 1099 ratio
728 1070 827 1105 debet,
853 1075 887 1098 ut
913 1078 991 1105 eam,
1014 1067 1101 1107 quasi

212 1112 327 1149 Deum,
345 1113 453 1142 ducem
469 1114 664 1154 subsequens,
684 1113 722 1142 ad
738 1119 853 1142 naturae
874 1111 1028 1152 perveniat
1049 1120 1102 1139 ex-

213 1161 356 1185 tremum.
382 1156 465 1186 Nam
483 1160 530 1189 (ut
545 1167 623 1196 saepe
635 1157 700 1195 jam
721 1155 798 1193 dixi)
820 1155 850 1184 in
866 1154 987 1184 infirmit
1003 1158 1100 1190 aetate,

214 1198 427 1238 imbecillisque
443 1205 554 1236 mente,
572 1199 615 1229 vis
631 1205 746 1229 naturae
761 1209 814 1239 per
829 1197 988 1238 caliginem
1008 1196 1103 1226 cerni-

214 1246 273 1273 tur.
298 1243 379 1272 Cum
406 1248 507 1271 autem
532 1242 725 1282 progrediens
750 1241 944 1272 confirmatur
969 1239 1101 1275 animus,

215 1285 350 1324 agnoscit
364 1285 415 1315 ille
425 1285 548 1325 quidem
565 1292 680 1315 natura}
692 1285 766 1322 vim,
778 1284 829 1314 sed
844 1284 897 1321 ita,
914 1288 948 1313 ut
963 1281 1103 1323 progredi

216 1327 311 1368 possit
326 1328 457 1367 longius,
475 1339 527 1367 per
539 1338 570 1357 se
582 1328 620 1358 sit
636 1334 736 1358 tamen
752 1327 899 1357 inchoata.

260 1370 353 1400 XVI.
379 1371 562 1400 Intrandum
579 1377 622 1401 est
637 1371 730 1411 igitur
745 1371 776 1400 in
792 1379 892 1400 rerum
905 1374 1057 1403 naturam,
1075 1373 1104 1398 et

216 1413 348 1453 penitus,
366 1413 439 1454 quid
455 1424 489 1443 ea
499 1415 640 1454 postulet,
658 1413 886 1454 pervidendum.
910 1412 1011 1441 Aliter
1023 1410 1104 1440 enim

217 1456 415 1496 nosmetipsos
431 1458 517 1486 nbsse
533 1467 592 1486 non
605 1467 786 1497 possrunus;
811 1455 892 1496 quod
907 1460 1104 1495 praeceptum,

218 1499 291 1538 quia
315 1500 414 1538 majus
430 1506 492 1529 erat
509 1510 601 1539 quam
618 1506 652 1529 ut
668 1500 705 1528 ab
729 1499 851 1528 homine
874 1498 1034 1533 videretur,
1059 1496 1105 1525 id-

220 1542 296 1571 circo
312 1542 497 1582 assignatum
514 1548 557 1571 est
574 1542 649 1572 Deo.
687 1542 783 1572 Jubet
799 1541 890 1581 igitur
906 1551 959 1570 nos
976 1539 1106 1579 Pythius

219 1585 335 1624 Apollo
352 1588 373 1602 ‘⁶
391 1595 509 1615 noscere
525 1585 754 1625 nosmetipsos.”
778 1583 919 1623 Cognitio
929 1589 1030 1613 autem
1043 1582 1108 1611 hoec

221 1633 266 1657 est
284 1637 356 1663 una,
376 1634 410 1657 ut
431 1627 490 1657 vim
515 1628 608 1657 nostri
632 1628 762 1668 corporis
785 1627 940 1666 animique
959 1625 1107 1661 nfirimus,

222 1680 446 1710 sequamurque
461 1681 527 1700 cam
544 1671 649 1708 vitam,
661 1681 729 1711 quae
745 1671 833 1700 rebus
845 1669 916 1710 ipsis
926 1668 1107 1709 perfruatur.

224 1713 381 1751 Quoniam
397 1719 499 1744 autem
515 1713 539 1744 is
554 1714 649 1745 animi
664 1713 816 1755 appetitus
839 1723 856 1743 a
877 1711 1024 1754 principio
1039 1709 1111 1748 suit,
