1226 1935
231 76 313 106 ‚326
358 75 420 106 DE
444 74 552 106 NAT.
572 74 708 105 DEOR.
735 74 814 105 Lm.
832 75 858 105 Ι.
877 75 961 106 CAP.
978 76 1031 105 34.

249 163 332 193 bebit
342 162 447 192 Deus:
464 172 520 192 nec
535 168 659 192 externa
670 162 779 202 magis,
796 171 889 203 quam
900 162 1061 197 interior-213
1079 173 1140 199 cor,

247 206 420 246 pulmones,
428 206 525 245 jecur,
536 213 662 240 caetera;
676 215 756 245 quae,
768 205 901 235 detracta
913 205 1054 242 utilitate,
1065 205 1140 246 quid

248 249 362 279 habent
377 248 541 279 venustatis
554 250 567 279 Ρ
591 248 841 289 quandoquidem
862 249 926 278 haec
942 258 1003 278 esse
1018 249 1050 278 in
1071 248 1140 279 Deo

247 298 370 333 propter
384 292 642 333 pulchritudinem
659 291 759 321 vultis.

293 336 402 366 Istisne
423 335 547 365 fidentes
568 335 704 371 somniis,
729 344 790 364 non
814 335 905 364 modo
925 335 1089 375 Epicurus,
1111 342 1141 365 et

247 377 455 415 llletrodorus,
468 384 497 408 et
507 377 712 412 Hermachus,
724 384 826 407 contra
837 378 1056 419 Pythagoram,
1069 378 1141 408 Pla-

247 427 362 460 tonem,
384 421 667 462 Empedoclemque
690 420 844 459 dixerunt,
873 421 924 451 sed
950 421 1142 451 meretricula

246 465 339 495 etiam
356 465 522 495 Leontium
538 470 641 494 contra
657 463 905 504 Theophrastum
922 464 1048 494 scribere
1068 475 1142 494 ausa

247 508 285 538 sit
297 510 311 538 Ρ
336 509 408 538 scito
423 508 477 537 illa
492 508 616 548 quidem
633 516 769 537 sermone
785 512 814 537 et
828 507 944 543 Attico,
961 507 1012 537 sed
1027 513 1141 537 tamen.

246 551 386 581 Tantum
412 551 539 591 Epicuri
559 550 664 580 hortus
685 550 794 580 habuit
818 550 966 580 licentiae!
992 556 1021 580 et
1042 551 1142 581 soletis

172 582 181 591 ’
212 622 218 628 ,
246 595 342 635 queri.
377 594 460 624 Zeno
485 593 609 634 quidem
634 593 726 623 etiam
750 593 898 633 litigabat.
931 593 1017 631 Quid
1041 594 1140 624 dicam

245 638 417 667 Albucium
430 639 443 667 Ρ
467 647 539 666 nam
557 636 688 666 Phaedro
703 635 780 665 nihil
796 636 973 676 elegantius,
990 637 1067 666 nihil
1082 637 1141 667 hu-

244 680 386 710 manius:
411 680 462 710 sed
484 680 729 710 stomachabatur
750 689 852 715 senex,
876 679 900 709 si
916 680 990 720 quid
1006 681 1140 720 asperius

245 724 403 754 dixeram:
428 734 500 754 cum
522 723 675 763 Epicurus
696 722 997 753 contumeliosissime
1019 723 1140 753 Aristo-

244 768 336 797 telem
353 767 525 802 vexaverim
551 766 699 796 Phaedoni
715 766 866 796 Socratico
887 766 1060 806 turpissime
1074 777 1140 796 ma-

243 810 404 846 ledixerit3
430 809 610 845 Metrodori,
628 809 737 839 sodalis
753 808 810 845 sui,
828 809 963 847 fratrem,
981 809 1140 840 Timocra-

244 859 318 889 tem,
336 853 408 894 quia
420 853 519 883 nescio
534 852 609 894 quid
620 852 651 882 in
664 852 856 893 philosophia
872 852 1052 890 dissentiret,
1070 853 1140 883 totis

243 897 451 927 voluminibus
461 896 623 926 conciderit
634 907 642 931 ;
657 896 687 925 in
699 895 911 925 Democritum
922 896 1035 936 ipsum,
1047 906 1140 936 quem

244 946 364 970 secutus
393 945 447 977 est,
475 939 567 969 fuerit
590 939 747 979 ingratusg
773 938 1018 979 Nausiphanem,
1040 939 1140 980 magi-

244 989 341 1014 strum
367 993 470 1021 suum,
495 993 514 1013 a
538 993 599 1024 quo
614 982 692 1012 nihil
712 982 867 1020 didicerat,
893 987 956 1012 tam
983 982 1064 1013 male
1090 993 1140 1013 ac-

242 1027 363 1067 ceperit.

285 1070 449 1100 XXXIV.
474 1069 558 1099 Zeno
580 1069 703 1110 quidem
724 1078 785 1098 non
806 1078 855 1098 eos
875 1068 974 1098 solum
995 1068 1049 1109 qui
1069 1074 1138 1099 tum

241 1118 338 1151 erant,
355 1112 593 1153 Apollodorum,
611 1112 744 1152 Syllum,
761 1117 893 1150 caeteros,
911 1112 1023 1152 figebat
1043 1112 1139 1142 male-

241 1156 349 1192 dictis;
374 1156 426 1186 sed
447 1157 600 1186 Socratem
622 1156 735 1196 ipsum,
752 1160 909 1195 parentem
925 1155 1136 1196 philosophiae,

241 1199 354 1229 Latino
370 1201 461 1229 verbo
476 1205 575 1236 utens,
598 1209 731 1229 scurram
753 1198 895 1227 Atticum
916 1197 1040 1239 [fuisse]
1058 1198 1138 1229 dice-

240 1244 293 1273 bat
305 1254 312 1272 x
331 1242 540 1283 Chrysippum
553 1252 711 1282 nunquam
726 1241 783 1271 nisi
797 1241 987 1281 Chesippum
1000 1243 1136 1272 vocabat.

240 1286 317 1316 Tu
309 1296 384 1326 1pse,
401 1285 493 1333 paulo
514 1291 594 1321 ante,
618 1295 675 1315 cm
669 1296 688 1314 1
705 1291 864 1324 tamquam
881 1290 1019 1314 senatum
1036 1284 1137 1325 philo-

239 1309 406 1369 sophoruin
422 1328 570 1364 recitares,
587 1338 723 1358 summos
739 1328 816 1358 viros
832 1328 977 1368 desipere,
995 1328 1133 1376 delirare,

238 1372 393 1402 dementes
409 1382 482 1408 esse,
492 1372 627 1405 dicebas
652 1372 795 1409 Quorum
811 1371 836 1400 si
857 1380 947 1401 nemo
968 1381 1073 1401 verum
1091 1371 1137 1401 vi-

239 1415 284 1445 dit
305 1415 342 1445 de
362 1415 473 1445 natura
494 1414 643 1452 Deorum,
667 1414 833 1444 verendum
855 1420 909 1450 est,
931 1423 970 1444 ne
990 1415 1076 1444 nulla
1097 1414 1135 1444 sit

238 1459 373 1489 omnino.
408 1458 439 1488 N
443 1469 493 1488 am
510 1458 577 1493 ista,
604 1469 672 1498 quae
688 1468 740 1487 vos
756 1456 864 1493 dicitiS,
887 1463 958 1487 sunt
974 1462 1037 1487 tota
1053 1467 1136 1487 com-

238 1501 391 1538 menticia,
416 1501 467 1531 vix
483 1501 577 1541 digna
591 1501 800 1531 lucubratione
821 1500 1020 1534 anicularum.
1060 1501 1090 1530 N
1095 1511 1135 1531 011

238 1545 319 1574 enim
336 1544 462 1581 sentitis,
489 1555 583 1585 quam
599 1544 697 1573 multa
714 1544 797 1574 vobis
813 1543 1003 1583 suscipienda
1019 1543 1090 1581 sint,
1111 1544 1136 1574 si

237 1587 444 1628 impetraritis,
461 1593 495 1617 ut
511 1587 721 1622 concedamus,
740 1586 879 1616 eamdem
895 1597 957 1616 esse
972 1586 1135 1616 hominum

237 1637 267 1661 et
288 1631 426 1660 Deorum
448 1631 588 1671 figuram.
625 1630 737 1660 Omnis
759 1630 870 1667 cultus,
893 1635 921 1659 et
941 1630 1054 1660 curatio
1070 1640 1135 1660 cor-

236 1674 317 1714 poris
334 1674 389 1704 erit
405 1674 509 1704 eadem
526 1673 698 1703 adhibenda
714 1673 793 1708 Deo,
819 1684 888 1713 quae
904 1672 1064 1703 adhibetur
1079 1673 1133 1703 ho-

237 1717 334 1748 mini:
358 1717 521 1758 ingressus,
538 1727 654 1755 cursus,
672 1716 831 1753 accubitio,
848 1716 1015 1755 inclinatio,
1032 1716 1133 1754 sessio,
