1180 1935
137 83 199 116 DE
222 84 330 116 NAT.
346 83 484 116 DEOR.
501 83 581 115 Lm.
596 84 642 115 ΙΙ.
659 84 744 116 ΟΑΡ.
760 85 812 116 33.
857 85 922 122 367

45 170 260 203 commoditate
279 170 395 212 generis
417 170 567 206 humani;
591 170 730 209 efficitur,
752 171 857 202 omnia
876 171 942 213 regi

50 214 153 245 divina
166 219 267 244 mente
282 220 373 255 atque
393 213 591 254 providentia
623 214 673 244 Ac
694 214 731 245 de
753 215 854 255 prima
874 216 944 256 qui.

50 257 121 288 dem
136 264 221 298 parte
235 257 305 287 satis
320 257 435 287 dictum
448 263 501 287 est.

95 300 243 330 XXXII.
273 300 426 340 Sequitur,
454 304 489 329 ut
514 299 649 337 doceam,
677 300 780 330 omnia
806 301 943 339 subjecta

52 353 114 373 esse
140 349 266 381 naturae,
294 353 389 383 eaque
414 344 452 372 ab
479 342 515 372 eit
540 343 741 383 pulcherrime
763 343 835 383 regi.
871 344 943 382 Sed,

52 385 127 426 quid
142 386 179 415 sit
195 386 260 426 ipsa
274 392 393 423 natura,
410 386 625 426 explicandum
646 392 690 416 est
710 392 779 415 ante
795 386 943 423 brevite13

52 439 114 470 quo
129 429 247 459 facilius
261 429 303 465 id,
317 429 399 469 quod
410 428 515 458 docere
530 429 682 466 volumus,
700 428 828 469 intelligi
840 429 943 469 possit.

53 472 200 513 Namque
210 472 261 501 alii
273 478 412 502 naturam
423 478 544 502 censent
554 482 616 501 esse
625 472 687 501 vim
703 473 869 512 quamdam
881 472 945 502 sine

53 515 179 552 ratione,
206 515 334 545 cientem
360 520 461 544 motus
487 515 519 544 in
545 514 719 554 corporibus
743 515 922 545 necessarios
935 526 944 544 ε

52 558 106 588 alii
132 564 246 595 autem,
274 558 336 588 vim
360 557 537 598 participem
560 557 683 587 rationis
707 563 799 598 atque
821 557 945 595 ordinis,

52 606 211 641 tamquam
235 600 284 631 via
305 601 558 641 progredientem,
575 601 850 641 declarantemque,
870 600 945 641 quid

55 645 203 684 cujusque
229 643 271 673 rei
297 654 386 674 causa
411 643 530 681 efficiat,
558 643 632 685 quid
659 649 825 684 sequatur3
859 644 947 683 cujus

53 687 215 717 sollertiam
231 687 317 716 nulla
331 697 389 724 ars,
406 687 491 716 nulla
505 697 626 723 manus,
643 696 733 717 nemo
748 686 862 727 opifex,
876 696 947 716 con-

53 730 138 771 sequi
157 729 250 770 possit
268 730 425 760 imitando.
458 730 589 760 Seminis
609 730 692 761 enim
714 730 776 760 viru
797 739 859 759 esse
879 735 946 759 tan-

52 778 128 810 tam,
156 779 190 803 ut
213 772 256 811 id,
284 783 473 814 quamquam
497 773 534 803 sit
558 772 771 813 perexiguum,
795 778 897 802 tamen
920 772 944 803 si

52 816 189 846 inciderit
211 816 242 845 in
263 816 482 856 concipientem
505 816 871 857 comprehendentemque
889 826 944 846 na-

53 865 165 896 turam,
187 865 373 899 nactumque
394 859 431 889 sit
451 859 622 896 materiam,
639 859 702 899 qua
722 859 763 888 ali
778 858 943 899 augerique

53 903 157 944 possit,
173 902 216 932 ita
236 903 331 942 fingat
352 908 382 932 et
401 902 509 932 efficiat
531 902 562 932 in
584 912 638 932 suo
658 901 794 942 quidque
814 911 944 942 genere3

53 945 165 987 partim
181 951 216 975 ut
231 945 443 975 tantummodo
458 955 512 987 per
527 945 633 986 stirpes
647 945 769 975 alantur
784 955 863 982 suas,
876 955 946 985 par-

53 989 109 1019 tim
126 994 161 1018 ut
175 988 291 1019 moveri
310 988 401 1018 etiam
426 994 455 1018 et
476 988 585 1018 sentire
605 994 635 1018 et
653 994 795 1029 appetere
816 988 942 1029 possint,

52 1038 82 1062 et
97 1042 134 1062 ex
150 1042 212 1062 sese
227 1032 338 1062 similia
353 1031 400 1062 sui
414 1031 546 1073 gignere.

96 1076 176 1105 Sunt
190 1080 304 1112 autem,
322 1074 375 1115 qui
390 1075 493 1105 omnia
508 1080 625 1105 naturae
639 1073 762 1104 nomine
777 1073 942 1115 appellent,

51 1124 87 1148 ut
107 1118 272 1158 Epicurus,
288 1118 342 1158 qui
356 1117 399 1148 ita
413 1117 531 1156 dividit,
547 1117 698 1155 omnium,
715 1127 784 1158 quae
800 1119 870 1154 sint,
892 1126 945 1146 na-

52 1167 153 1191 turam
177 1171 239 1191 esse
261 1171 385 1201 corpora
407 1166 437 1191 et
458 1160 559 1198 inane,
582 1171 713 1202 quaeque
733 1160 780 1190 his
799 1159 943 1190 accidant.

53 1204 113 1235 Sed
128 1214 182 1234 nos
205 1214 276 1234 cum
298 1204 438 1243 dicimus,
460 1204 583 1235 Natura
603 1210 736 1234 constare
755 1202 946 1233 administra-

51 1248 139 1288 rique
164 1247 329 1284 mundum,
357 1257 417 1277 non
443 1246 486 1276 ita
512 1247 652 1283 dicimus,
680 1252 715 1276 ut
736 1247 868 1286 glebam,
891 1251 945 1275 aut

51 1291 259 1331 fragmentum
274 1290 394 1331 lapidis,
416 1296 470 1320 aut
484 1290 600 1331 aliquid
615 1289 775 1329 ejusmodi,
792 1289 877 1319 nulla
895 1298 945 1318 co-

51 1333 186 1364 haerendi
201 1334 331 1369 natura3
356 1333 407 1363 sed
423 1339 458 1363 ut
473 1335 622 1371 arborem,
639 1338 674 1362 ut
688 1332 813 1370 animal,
829 1332 861 1361 in
876 1331 944 1372 qui-

52 1378 110 1407 bus
125 1377 211 1407 nulla
231 1376 395 1416 temeritas,
412 1376 464 1407 sed
479 1376 552 1406 ordo
572 1381 708 1417 apparet,
726 1382 755 1406 et
774 1375 845 1406 artis
860 1385 944 1416 quae-

51 1420 124 1450 dam
140 1419 317 1450 similitudo.

95 1463 264 1493 XXXIII.
289 1462 382 1501 Quod
398 1462 422 1493 si
432 1473 477 1500 ea,
489 1473 558 1504 quae
574 1473 592 1492 a
607 1462 685 1493 terra
696 1462 838 1503 stirpibus
849 1459 945 1491 conti-

54 1512 177 1544 nentur,
194 1513 257 1537 arte
277 1512 393 1536 naturae
412 1506 518 1536 vivunt
538 1512 568 1537 et
583 1505 860 1546 vigent;p10fecto
880 1504 945 1544 ipsa

55 1556 133 1580 terra
155 1549 260 1579 eadem
284 1549 315 1579 vi
336 1548 516 1587 continetur,
538 1555 567 1579 et
588 1556 651 1579 arte
671 1555 806 1584 naturae3
831 1547 945 1588 quippe

53 1603 134 1633 quae,
151 1592 306 1633 gravidata
321 1592 498 1630 seminibus,
514 1592 619 1622 omnia
632 1591 730 1632 pariat
741 1598 770 1621 et
784 1590 892 1620 fundat
907 1599 945 1620 ex

53 1646 127 1683 sese,
144 1635 250 1676 stirpes
265 1635 408 1683 amplexa
427 1636 489 1666 alat
509 1641 539 1666 et
560 1641 680 1675 augeat,
701 1635 827 1675 ipsaque
846 1633 946 1663 alatur

54 1678 184 1709 vicissim
201 1689 219 1708 a
234 1678 350 1729 superis
363 1678 555 1720 externisque
570 1678 695 1708 naturis.
734 1676 945 1717 Ejusdemque

55 1721 309 1762 exspirationibus
323 1724 375 1751 a'e'r
388 1722 491 1760 alitur,
508 1728 538 1752 et
553 1721 656 1759 aether,
670 1727 699 1751 et
713 1720 817 1750 omnia
828 1729 944 1768 supera.

54 1764 114 1804 Ita,
132 1764 156 1796 si
176 1770 256 1796 terra
276 1764 386 1796 natura
401 1770 520 1796 tenetur
540 1770 570 1796 et
584 1764 676 1806 viget,
693 1763 798 1795 eadem
817 1763 893 1794 ratio
914 1761 945 1793 in
