1226 1935
234 76 360 108 TUST.
378 76 552 115 QUAEST.
570 77 649 107 Lm.
667 77 732 108 111.
749 77 834 108 civ,
855 78 902 108 ll.
962 78 1018 109 191

132 161 205 192 Non
228 162 308 193 cadit
329 169 432 194 autem
457 161 591 194 invidere
616 163 648 193 in
675 163 862 204 sapientem:
887 173 958 204 ergo
984 173 1022 194 ne

130 204 264 235 misereri
276 205 410 247 quidem.
435 205 529 244 Quod
545 206 569 237 si
585 217 663 246 aegre
677 206 754 236 ferre
769 207 886 247 sapiens
902 207 1022 245 soleret,

130 247 265 280 misereri
288 249 381 280 etiam
402 249 518 280 soleret.
552 249 652 280 Abest
667 260 738 290 ergo
753 260 772 279 a
786 250 920 290 sapien-te
935 250 1019 290 aegri-

127 290 210 321 tudo.

172 334 249 365 Haec
264 334 305 365 sic
320 334 463 366 dicuntur
479 346 496 365 a
511 335 630 372 Stoicis,
648 335 931 376 concludunturque
949 345 1020 366 con-

127 377 243 408 tortius.
276 378 336 408 Sed
358 378 450 409 latius
470 378 627 419 aliquanto
642 378 769 409 dicenda
784 384 866 413 sunt,
884 385 913 409 et
928 378 1021 409 diffu-

126 419 188 450 sius
201 431 210 450 ε
241 421 394 452 sententiis
410 427 512 452 tamen
528 421 676 452 utendum
693 431 797 452 eorum
813 421 1018 462 potissimum,

124 462 179 502 qui
194 463 329 494 maxime
343 464 425 502 forti,
442 470 482 501 et,
499 470 534 495 ut
549 465 590 495 ita
605 464 717 502 dicam,
734 464 813 495 virili
828 470 957 495 utuntur
972 475 1021 494 ra-

123 505 205 536 tione
220 512 311 547 atque
327 506 482 538 sententia.
520 508 605 537 Nam
630 507 832 548 Peripatetici,
854 507 1019 538 familiares

123 549 228 587 nostri,
247 550 372 590 (quibus
388 550 465 580 nihil
482 556 525 581 est
541 551 674 588 uberius,
691 551 767 581 nihil
787 550 945 588 eruditius,
969 550 1017 580 ni-

122 590 167 621 hil
197 593 332 632 gravius)
363 593 583 624 mediocritates
607 594 655 624 vel
680 594 944 634 perturbationum
969 594 1018 624 vel

123 636 300 666 morborum
312 636 407 666 animi
417 636 493 666 mihi
503 647 563 667 non
576 646 646 667 sane
657 638 796 678 probant.
821 636 924 667 Omne
934 637 1017 667 enim

122 678 253 727 malum,
275 679 367 710 etiam
386 680 548 729 mediocre,
564 690 713 720 magnum
733 686 785 710 est.
820 680 888 710 Nos
912 686 1017 712 autem

121 720 153 750 id
183 722 314 762 agimus,
340 728 375 753 ut
401 723 433 753 id
457 723 489 753 in
513 723 647 764 sapiente
671 723 793 753 nullum
819 723 857 754 sit
879 723 1016 754 omnino.

122 763 220 802 Nam,
243 771 279 795 ut
301 775 420 806 corpus,
444 766 537 796 etiam
559 766 584 796 si
606 766 795 797 mediocriter
822 776 938 807 aegrum
959 772 1015 805 est,

120 816 229 837 sanum
252 817 314 839 non
335 814 399 846 est3
424 808 466 840 sic
485 809 518 839 in
532 808 636 840 animo
656 809 713 840 ista
730 809 920 840 mediocritas
936 815 1016 841 caret

119 849 257 881 sanitate.

165 893 274 935 Itaque
289 895 431 935 praeclare
446 895 550 933 nostri,
568 900 603 925 ut
621 894 681 925 alia
698 896 808 934 multa,
828 895 1013 935 molestiam,

120 936 366 975 sollicitudinem,
383 948 539 979 angorem,
556 944 678 979 propter
693 938 925 969 similitudinem
949 950 1014 969 cor-

117 990 228 1020 porum
249 991 411 1021 aegrorum,
434 981 645 1022 aegritudinem
667 982 910 1013 nominaverunt.
944 982 1015 1013 Hoc

117 1024 341 1071 propemodum
361 1025 453 1055 verbo
474 1024 574 1055 Graeci
594 1035 717 1055 omnem
737 1025 833 1055 animi
853 1027 1014 1066 perturba-

116 1065 231 1097 tionem
246 1067 410 1108 appellant.
450 1067 571 1098 Vocant
585 1067 667 1098 enim
688 1070 792 1106 παιδος,
809 1068 841 1098 id
859 1074 913 1106 est,
931 1079 1015 1099 mor-

116 1109 204 1146 bum,
221 1110 409 1151 quicumque
424 1116 468 1141 est
487 1117 589 1141 motus
604 1111 635 1142 in
651 1111 754 1141 animo
772 1111 921 1142 turbidus.
946 1112 1014 1142 Nos

116 1152 248 1183 melius.
273 1153 360 1194 aegris
376 1154 458 1184 enim
478 1154 653 1195 corporibus
673 1154 830 1185 simillima
851 1161 895 1185 est
917 1155 1013 1185 animi

116 1196 284 1236 aegritudo:
309 1202 340 1227 at
355 1207 416 1227 non
432 1197 539 1228 similis
554 1197 756 1238 aegrotationis
768 1204 812 1228 est
826 1198 932 1236 libido,
949 1208 1012 1229 non

115 1238 316 1270 immoderata
335 1240 451 1278 laetitia,
468 1251 538 1281 quae
558 1246 602 1271 est
622 1241 762 1282 voluptas
777 1241 873 1271 animi
888 1242 967 1272 elata
983 1247 1013 1272 et

114 1282 253 1322 gestiens.
279 1283 350 1324 Ipse
365 1284 457 1314 etiam
472 1289 572 1314 metus
587 1293 649 1315 non
661 1290 705 1315 est
724 1284 824 1315 morbi
842 1284 1012 1316 admodum

115 1324 233 1373 similis,
251 1336 441 1367 quamquam
458 1327 631 1368 aegritudini
646 1333 690 1358 est
704 1327 864 1365 finitimus,
879 1327 931 1358 sed
940 1338 1011 1369 pro-

114 1368 190 1409 prie,
208 1375 242 1399 ut
261 1370 415 1410 aegrotatio
429 1369 461 1400 in
477 1381 610 1412 corpore,
627 1370 668 1401 sic
684 1371 854 1412 aegritudo
846 1381 878 1401 1n
894 1371 1010 1420 animo,

114 1421 226 1442 nomen
240 1412 332 1443 habet
347 1423 408 1443 non
424 1414 596 1453 sejunctum
611 1424 629 1444 a
644 1413 756 1444 dolore.
781 1414 904 1445 Doloris
916 1414 1010 1454 igitur

114 1454 207 1494 hujus
221 1456 306 1496 origo
326 1456 414 1487 nobis
434 1457 614 1497 explicanda
633 1462 688 1494 est,
707 1457 740 1487 id
760 1463 815 1495 est,
832 1468 923 1488 causa
927 1438 1008 1487 βείῖἰ-

114 1497 194 1528 ciens
210 1499 443 1539 aegritudinem
436 1510 467 1529 ln
479 1500 593 1537 animo,
610 1506 768 1541 tamquam
782 1500 1010 1541 aegrotationem

112 1539 146 1570 in
166 1551 297 1583 corpore.
330 1543 426 1581 Nam,
448 1549 484 1573 ut
503 1543 624 1580 medici,
642 1544 733 1574 causa
753 1544 852 1574 morbi
871 1543 988 1574 inventa*
977 1556 1006 1581 ι,

113 1584 300 1615 curationem
326 1596 387 1616 esse
410 1586 565 1617 inventam
591 1592 722 1627 putant·
714 1610 723 1622 ‚
759 1587 800 1617 sic
824 1597 889 1623 nos,
916 1597 1007 1617 causa

113 1627 301 1667 aegritudinis
316 1629 444 1669 reperta,
464 1629 606 1660 medendi
622 1629 798 1660 facultatem
812 1629 1006 1671 reperiemus.

139 1651 219 1700 nXL
244 1670 302 1702 Est
316 1671 410 1712 igitur
430 1683 520 1703 causa
534 1672 634 1703 omnis
650 1673 681 1703 in
697 1673 850 1714 opinione,
866 1682 922 1703 nec
937 1682 1008 1704 vero

113 1712 300 1753 aegritudinis
324 1714 435 1753 solum,
461 1715 513 1746 sed
536 1716 628 1746 etiam
652 1716 840 1757 reliquarum
866 1715 1006 1746 omnium

112 1757 396 1799 ΡΒηιιι-ὺειῐὶοῃιιῐης
422 1769 492 1802 quae
506 1764 577 1790 sunt
591 1769 700 1800 genere
712 1765 854 1801 quatuor,
871 1759 1009 1801 partibus
