1226 1935
204 61 268 91 336
312 61 374 93 DE
399 62 508 93 NAT.
533 61 671 94 DEOR.
696 62 775 93 Lm.
791 62 818 93 Ι.
843 63 927 94 ΟΛΡ.
945 63 997 93 44.

205 147 360 179 neminem
376 148 473 190 diligi,
491 149 591 180 vultis.
615 149 665 180 Ita
678 148 722 186 fit,
738 154 774 179 ut
785 159 844 179 non
858 149 949 180 modo
960 148 1099 179 homines

208 201 227 221 a
240 191 319 229 Diis,
337 192 388 222 sed
399 193 457 233 ipsi
473 192 528 222 Dii
543 193 620 223 inter
636 203 667 222 se
683 194 720 222 ab
737 193 803 222 aliis
815 193 877 229 alii,
895 192 1099 232 negligantur.

251 233 376 265 XLIV.
402 236 527 274 Quanto
548 236 641 266 Stoici
659 236 780 272 melius,
798 236 851 276 qui
868 246 885 265 a
901 235 985 265 vobis
1001 245 1100 274 repre-

207 276 404 308 henduntur!
442 279 574 309 Censent
600 285 714 315 autem,
740 279 888 318 sapientes
915 278 1101 318 sapientibus

209 320 300 350 etiam
327 321 437 361 ignotis
461 333 523 352 esse
547 322 668 352 amicos.
705 322 792 351 Nihil
819 329 863 352 est
885 321 967 351 enim
990 321 1102 350 virtute

208 364 389 394 amabilius:
415 376 508 405 quam
525 364 579 405 qui
600 365 726 405 adeptus
749 365 814 401 erit,
837 364 1025 403 ubicumque
1046 363 1102 393 erit

209 407 359 446 gentium,
386 419 404 438 a
428 408 514 438 nobis
535 408 686 447 diligetur.
720 407 784 437 Vos
806 414 908 437 autem
932 407 1007 447 quid
1028 405 1101 435 mali

209 449 298 487 datis,
316 461 386 480 cum
407 451 438 480 in
461 451 667 481 imbecillitate
688 450 938 490 gratificationem
960 456 989 480 et
1012 451 1102 479 bene-

208 492 372 523 volentiam
389 494 516 534 ponitis!
543 494 587 523 [lt
600 494 680 523 enim
694 493 832 523 omittam
846 493 907 523 vim
921 500 950 522 et
962 500 1103 522 naturam

210 534 370 572 Deorum;
391 547 429 566 ne
441 537 579 567 homines
595 536 719 577 quidem
736 536 871 571 censetis,
889 536 946 566 nisi
959 535 1104 565 imbecilli

210 584 319 616 essent,
337 579 454 610 futuros
470 581 618 610 beneficos
639 586 668 609 et
688 579 836 619 benignos
857 579 971 609 fuisse?
1006 579 1105 608 Nulla

210 627 254 651 est
270 622 376 652 caritas
392 623 537 653 naturalis
553 623 630 652 inter
645 622 762 652 bonos?
787 622 901 652 Carum
918 623 1018 662 ipsum
1038 632 1104 651 ver-

210 665 287 694 bum
300 671 343 695 est
355 666 483 701 amoris,
505 676 541 696 ex
555 676 616 707 quo
628 665 768 695 amicitiae
780 675 889 695 nomen
904 671 947 695 est
959 665 1084 694 ductum
1095 675 1104 699 ς

211 718 305 747 quam
322 708 346 738 si
361 709 399 738 ad
411 708 545 739 fructum
558 715 696 739 nostrum
709 708 883 743 referemus,
901 718 961 738 non
974 707 1013 737 ad
1024 707 1106 737 illius

212 751 382 789 commoda,
406 763 498 793 quem
521 752 698 792 diligimus2
726 762 787 782 non
809 751 864 781 erit
884 751 942 781 ista
962 750 1106 787 amicitia,

212 793 264 824 sed
285 801 454 825 mercatura
475 796 616 836 quaedam
641 795 809 825 utilitatum
831 804 965 824 suarum.
1002 793 1105 830 Prata,

213 842 244 867 et
266 847 348 874 arva,
373 844 403 868 et
424 839 578 879 pecudum
602 849 718 879 greges,
743 838 912 878 diliguntur
931 837 988 867 isto
1003 836 1106 873 modo,

214 880 297 920 quod
312 881 428 912 fructus
444 892 482 911 ex
498 882 539 912 eis
556 882 726 922 capiuntur.
761 881 935 911 Hominum
956 879 1063 910 caritas
1079 885 1108 909 et

214 923 349 954 amicitia
363 925 496 964 gratuita
512 931 564 955 est.
590 925 715 963 Quanto
731 924 823 964 igitur
838 923 937 963 magis
949 922 1106 953 Deorum!

214 967 280 1007 qui,
297 968 384 998 nulla
401 978 432 998 re
447 974 578 1008 egentes,
603 974 632 998 et
652 968 729 998 inter
750 978 780 997 se
801 967 943 1007 diligunt,
965 972 994 996 et
1008 965 1108 995 homi-

214 1011 304 1040 nibus
320 1011 491 1042 consulunt.
525 1011 619 1049 Quod
640 1011 671 1040 ni
692 1011 734 1040 ita
755 1011 804 1046 sit,
825 1010 899 1050 quid
915 1019 1107 1045 veneramur,

215 1053 297 1102 quid
306 1064 466 1094 precamur
481 1054 586 1085 Deos?
611 1065 664 1085 cur
684 1054 773 1084 sacris
794 1053 961 1094 pontifices,
983 1063 1036 1082 cur
1053 1062 1108 1081 au-

215 1096 314 1136 spiciis
330 1108 470 1137 augures,
487 1097 644 1138 praesunt?
669 1097 744 1138 quid
764 1103 906 1137 optamus
927 1106 945 1125 a
966 1095 1057 1125 Diis'
1050 1105 1109 1124 im-

215 1140 395 1170 mortalibus
404 1141 418 1169 ?
442 1141 516 1181 quid
532 1152 588 1171 vov
592 1151 677 1170 emus
686 1140 700 1169 P

258 1183 305 1212 At
317 1183 407 1213 etiam
420 1184 497 1214 liber
509 1190 552 1214 est
564 1184 704 1225 Epieuli,
718 1183 756 1213 de
769 1183 934 1213 sanctitate.
955 1181 1110 1212 Ludimur

217 1227 255 1256 ab
271 1225 394 1257 homine
410 1237 470 1257 non
487 1233 549 1257 tam
567 1227 594 1256 fe
590 1234 675 1264 ceto,
693 1237 787 1267 quam
803 1226 841 1256 ad
858 1225 1006 1256 scribendi
1017 1225 1110 1254 licen-

216 1269 291 1299 tiam
307 1269 410 1299 libero.
443 1270 524 1308 Quae
543 1270 624 1300 enim
646 1276 743 1311 potest
764 1280 825 1299 esse
846 1269 997 1305 sanctitas,
1016 1268 1039 1298 si
1055 1267 1110 1297 Dii

216 1311 353 1342 humana
375 1323 435 1343 non
459 1314 589 1343 curant?
616 1324 686 1354 quae
706 1319 808 1343 autem
830 1312 968 1342 animans
989 1317 1109 1347 natura,

215 1355 293 1385 nihil
309 1358 442 1387 curans?
467 1357 579 1387 Verius
595 1364 637 1386 est
653 1356 747 1397 igitur
762 1355 908 1386 nimirum
923 1354 1012 1391 illud,
1029 1354 1112 1395 quod

217 1398 374 1429 familiaris
397 1400 537 1429 omnium
558 1402 695 1430 nostrum
718 1399 901 1429 Posidonius
921 1398 1060 1428 disseruit
1079 1397 1111 1426 in

217 1442 296 1472 libro
317 1442 425 1483 quinto
447 1443 485 1473 de
506 1444 628 1473 Natura
650 1442 801 1478 Deorum,
818 1442 918 1472 nullos
937 1451 999 1471 esse
1018 1441 1111 1477 Deos,

218 1484 353 1525 Epicuro
376 1486 495 1522 videri3
528 1497 658 1527 quaeque
681 1486 706 1516 is
732 1486 770 1515 de
794 1485 863 1515 Diis
889 1484 1113 1514 immortalibus

218 1528 340 1565 dixerit,
367 1529 489 1559 invidiae
513 1529 697 1560 detestandae
724 1528 821 1569 gratia
846 1527 966 1557 dixisse.
1002 1527 1113 1567 Neque

219 1572 302 1601 enim
323 1577 387 1602 tam
408 1572 557 1613 desipiens
579 1573 695 1608 fuisset,
721 1578 756 1601 ut
779 1571 958 1601 homunculi
984 1570 1114 1600 similem

219 1615 324 1645 Deum
341 1615 478 1655 fingeret,
495 1616 687 1646 lineamentis
706 1615 855 1644 duntaxat
878 1613 1031 1649 extremis,
1053 1623 1115 1642 non

219 1657 326 1688 habitu
343 1658 456 1694 solido;
473 1660 619 1689 membris
635 1658 768 1690 hominis
780 1657 942 1698 praeditum
959 1656 1113 1691 omnibus,

220 1711 278 1732 usu
291 1703 499 1733 membrorum
514 1712 553 1733 ne
568 1702 698 1733 minimo
714 1701 857 1743 quidem3
878 1701 988 1731 exilem
1005 1709 1113 1740 quem-
