1226 1935
208 96 267 126 114
339 94 463 126 TUSC.
480 95 652 134 QUAEST.
667 95 744 126 Lm.
760 94 786 125 Ι.
800 95 883 126 Cap.
899 96 948 126 11.

214 191 312 212 unum
336 189 365 211 et
391 180 530 222 simplex,
555 181 598 211 ita
621 180 796 222 figuratum,
822 186 857 211 ut
883 181 1101 222 temperatione

217 230 335 255 naturae
350 224 448 264 vigeat
464 230 492 254 et
507 225 623 254 sentiat.

259 267 449 305 Aristoteles,
465 268 554 307 longe
569 267 709 297 omnibus
726 267 900 300 (Platonem
917 277 1035 307 semper
1050 277 1102 297 ex-

217 310 307 350 cipio)
323 315 467 350 praestaus
483 318 511 339 et
526 310 646 350 ingenio
662 317 690 339 et
706 310 872 350 diligentia,
886 320 956 340 cum
972 316 1103 350 quatuor

217 353 270 383 illa
285 363 394 393 genera
413 353 629 393 principiorum
653 358 728 383 esset
747 353 934 392 complexus,
955 363 970 382 e
993 353 1104 393 quibus

220 396 324 426 omnia
338 395 496 433 orirentur,
510 395 648 436 quintam
667 395 832 435 quamdam
853 401 992 425 naturam
1009 401 1108 425 censet

219 449 292 474 esse,
310 449 326 468 e
341 438 403 478 quit
419 438 456 467 sit
471 448 565 468 mens.
591 438 730 478 Cogitare
742 438 834 473 enim,
852 444 881 467 et
895 438 1061 478 providere,
1078 444 1107 468 et

223 481 345 517 discere,
368 487 397 510 et
412 480 526 517 docere,
544 486 572 510 et
587 481 721 511 invenire
741 480 867 521 aliquid,
887 487 915 510 et
931 487 994 510 tam
1009 482 1108 511 multa

223 525 293 561 alia,
310 523 494 559 meminisse,
508 533 620 559 amare,
632 523 738 561 odisse,
755 533 873 563 cupere,
891 524 1007 561 timere,
1024 524 1107 564 angi,

223 567 341 602 laetari;
366 566 441 601 haec,
469 572 498 595 et
522 566 632 596 similia
654 576 770 603 eorum,
794 566 825 595 in
847 566 957 595 horum
980 573 1110 606 quatuor

224 619 370 649 generum
383 609 468 638 nullo
480 609 574 638 inesse
584 615 680 648 putat.
705 609 858 646 Quintum
870 618 965 648 genus
975 609 1109 647 adhibet,

224 662 332 682 vacans
356 652 496 681 nomine:
528 657 557 681 et
580 651 620 681 sic
644 651 744 692 ipsum
772 652 909 681 animum
934 657 1112 692 ευτελεχειαν

223 695 356 735 appellat
372 704 449 724 novo
467 694 600 731 nomine,
617 695 703 734 quasi
718 694 884 735 quamdam
905 694 1110 724 continuatam

227 738 392 767 motionem
409 743 437 767 et
452 747 624 777 perennem.

270 781 331 810 XI.
357 780 426 809 Nisi
442 791 510 820 quae
524 790 574 810 me
589 780 664 810 forte
675 780 808 820 fugiunt,
821 779 869 810 hae
885 786 955 810 sunt
970 779 1031 810 fere
1046 790 1112 810 om-

227 823 315 853 nium
331 823 368 852 de
383 823 485 853 animo
500 823 662 852 sententian
694 823 903 853 Democritum
919 822 1012 860 enim,
1028 833 1115 863 mag-

224 876 301 896 num
324 866 447 906 quidem
470 866 558 895 illum
581 866 692 902 virum,
716 866 767 895 sed
788 866 914 896 laevibus
937 872 966 896 et
980 866 1116 896 rotundis

226 909 410 950 corpusculis
436 908 612 938 efficientem
643 909 781 938 animum
807 919 952 939 concursu
979 909 1112 949 quodam

226 952 361 989 fortuito,
378 952 573 981 omittamus:
599 951 676 981 nihil
691 958 735 982 est
746 952 827 981 enim
843 952 926 992 apud
941 952 1021 987 istos,
1033 952 1115 992 quod

226 1005 287 1025 non
303 1000 474 1024 atomorum
487 996 575 1024 turba
590 994 735 1024 conficiat.
760 995 882 1024 Harum
898 995 1114 1024 sententiarum

227 1049 297 1078 quae
313 1048 381 1067 vera
403 1037 451 1073 sit,
469 1037 554 1067 Deus
576 1037 685 1078 aliquis
701 1037 826 1067 viderit:
852 1048 920 1077 quae
935 1037 1116 1067 verisimilli-

227 1091 290 1117 ma,
307 1090 419 1120 magna
435 1080 560 1120 quaestio
575 1086 627 1109 est.
652 1081 765 1110 Utrum
782 1080 874 1120 igitur
888 1080 966 1110 inter
980 1080 1035 1110 has
1050 1091 1116 1110 sen-

229 1123 336 1153 tentias
358 1123 523 1162 dijudicare
543 1123 709 1160 malumus,
735 1133 773 1152 an
790 1123 828 1152 ad
843 1123 1030 1163 propositum
1049 1124 1116 1154 red-

225 1166 268 1196 ire
283 1168 296 1196 Ρ
332 1166 477 1195 Auditor.
510 1166 659 1205 Cuperem
700 1166 841 1206 equidem
872 1172 1048 1206 utrumque,
1088 1167 1113 1197 si

229 1215 328 1249 posset
342 1221 349 1238 ε
375 1209 426 1238 sed
453 1214 496 1239 est
522 1208 642 1239 difficile
668 1209 860 1239 confundere.
893 1208 1008 1247 Quare,
1026 1209 1061 1247 si,
1083 1216 1117 1240 ut

229 1252 286 1281 ista
302 1262 361 1282 non
378 1252 572 1287 disserantur,
588 1251 709 1281 liberari
724 1252 828 1282 mortis
844 1258 927 1282 metu
944 1262 1116 1292 possumus,

227 1295 259 1324 id
284 1305 419 1334 agamus.
454 1295 507 1324 Sin
532 1295 563 1324 id
584 1304 644 1324 non
668 1300 776 1335 potest,
798 1295 854 1324 nisi
877 1295 932 1324 hac
953 1295 1117 1335 quaestione

228 1337 401 1367 animo-tum
426 1337 585 1379 explicata,
613 1347 704 1374 nunc,
731 1338 754 1367 si
781 1338 909 1376 videtur,
935 1337 992 1368 hoc
1005 1349 1012 1367 :
1038 1338 1115 1368 illud

228 1381 311 1410 alias.
336 1381 479 1409 sssurcns.
497 1380 591 1417 Quod
606 1381 697 1410 malle
713 1386 741 1410 te
756 1380 902 1421 intelligo,
919 1381 951 1410 id
962 1387 1036 1421 puto
1052 1391 1114 1411 esse

230 1423 427 1453 commodius.
453 1423 572 1453 Efficiet
587 1424 668 1453 enim
684 1423 770 1461 ratio,
784 1429 818 1453 ut
834 1434 1034 1464 quaecumque
1049 1435 1119 1454 vera

231 1466 269 1496 sit
284 1476 387 1495 earum
406 1467 623 1496 sententiarum
640 1477 715 1507 quas
730 1467 867 1507 exposui,
884 1476 964 1496 mors
985 1473 1038 1497 aut
1054 1477 1120 1497 ma-

230 1509 298 1538 lum
314 1518 374 1538 non
390 1509 438 1546 sit,
455 1515 508 1538 aut
523 1509 560 1538 sit
574 1510 691 1539 bonum
706 1509 823 1550 potius:
840 1510 935 1546 Nam,
953 1509 977 1539 si
992 1520 1052 1547 cor,
1066 1516 1119 1540 aut

232 1552 365 1591 sanguis,
387 1557 440 1581 aut
460 1553 627 1588 cerebrum,
645 1558 689 1582 est
709 1553 840 1589 animus,
863 1558 952 1590 certe,
975 1552 1119 1593 quoniam

231 1600 275 1624 est
295 1605 413 1634 corpus,
435 1594 568 1624 interibit
589 1605 659 1625 cum
676 1596 792 1636 reliquo
814 1605 944 1636 corpore.
967 1596 999 1625 Si
1020 1596 1122 1626 anima

231 1643 286 1673 est,
303 1637 426 1667 fortasse
445 1637 658 1678 dissipabitur:
683 1638 707 1667 si
727 1638 816 1678 ignis,
838 1638 1068 1678 exstinguetur:
1094 1639 1118 1668 si

233 1686 276 1710 est
288 1680 464 1710 Aristoxeni
480 1680 648 1718 harmonia,
665 1681 851 1711 dissolvetur.
876 1681 961 1719 Quid
977 1681 1014 1711 de
1024 1681 1125 1711 Dicae-

232 1723 322 1755 archo
337 1722 448 1761 dicam,
465 1723 518 1763 qui
534 1724 610 1754 nihil
631 1724 755 1755 omnino
776 1724 914 1755 animum
930 1723 1009 1754 dicat
1029 1735 1091 1755 esse
1105 1726 1119 1754 ἓ
