1226 1935
238 97 364 130 TUSC.
381 98 556 138 QUAEST.
581 98 661 130 Lm.
679 99 720 129 V.
743 98 828 130 CAP.
846 100 897 130 38.
956 100 1019 131 ‘289

122 184 236 214 batur?
259 185 308 215 cui
323 191 426 216 tamen
441 185 520 215 illud
541 184 643 226 ipsum
662 195 723 215 non
744 185 909 223 accidisset,
933 186 969 223 si,
986 186 1018 216 in

124 228 279 268 republica
296 228 462 268 quiescens,
479 228 606 269 Epicuri
624 228 743 268 legibus
762 229 918 274 paruisset.
951 230 1017 267 Qui

124 270 206 300 enim
217 271 331 300 beatior
344 271 505 312 Epicurus,
520 271 621 311 quod
614 281 645 300 m
656 271 746 311 patri
736 283 753 300 ι
766 271 896 309 vivebat,
910 268 1017 312 quam,

124 313 208 353 quod
223 313 366 351 Athenis,
385 313 602 343 Metrodorus?
630 320 682 343 aut
705 314 792 343 Plato
815 314 1019 345 Xenocratem

127 355 276 394 vincebat,
293 363 347 386 aut
363 357 489 387 Polemo
505 356 688 394 Arcesilam,
706 367 767 397 quo
788 363 863 387 esset
882 357 1019 387 beatior?

128 398 246 447 Quanti
263 410 331 429 vero
346 399 404 429 ista
418 399 522 429 civitas
538 399 716 429 aestimanda
736 405 790 435 est,
808 410 844 429 ex
865 411 916 440 qu
909 400 926 430 ἶι
948 401 1020 431 boni

128 441 338 490 sapientesque
360 442 541 483 pelluntur?
575 441 759 472 Demaratus
780 442 916 482 quidem,
940 443 1021 473 Tar-

128 484 237 524 quinii,
255 485 332 525 regis
348 485 453 521 nostri,
469 491 565 525 pater,
579 491 744 525 tyrannum
758 485 925 525 Cypselum
938 486 1021 526 quod

128 527 205 558 ferre
221 537 281 557 non
297 534 426 568 poterat,
442 527 523 568 fuoit
539 527 724 567 Tarquinios
741 527 909 564 Corinth03
934 534 963 558 et
978 528 1021 558 ibi

129 580 198 601 suas
213 570 350 602 fortunas
366 570 530 608 constituit,
548 581 581 601 ac
597 570 706 601 liberos
725 571 900 611 procreavit.
933 571 1023 601 Num

129 614 221 644 stulte
244 614 417 656 anteposuit
443 594 541 644 exsilii
566 613 738 644 libertatem
764 613 936 644 domesticae
962 624 1023 645 ser-

131 656 221 686 vituti
231 657 245 686 ἱ)

172 699 375 731 XXXVIII.
395 700 471 731 Jam
481 711 551 731 vero
561 706 662 731 motus
674 700 780 737 animi,
793 700 1021 739 sollicitudines,

130 743 395 785 aegritudinesque,
409 744 560 774 oblivione
571 744 738 780 leniuntur,
755 743 899 774 traductis
914 744 1025 774 animis

130 786 169 816 ad
179 786 376 827 voluptatem.
400 787 472 817 Non
485 787 549 817 sine
561 787 651 817 causa
663 787 756 828 igitur
768 786 922 827 Epicurus
933 797 1024 818 ausus

130 835 174 859 est
189 829 297 866 dicere,
315 840 433 871 semper
448 830 481 860 in
497 830 636 871 pluribus
654 830 741 861 bonis
763 840 824 859 esse
845 830 1024 870 sapientem,

130 872 203 912 quia
218 883 337 913 semper
352 873 390 903 sit
404 873 437 902 in
452 873 669 914 voluptatibus.
700 873 750 903 Ex
766 883 827 913 quo
846 873 922 902 effici
937 878 1026 913 putat

131 915 196 952 ille,
213 916 295 956 quod
311 916 488 957 quaerimus,
504 922 540 946 ut
555 916 672 956 sapiens
688 926 806 956 semper
821 917 926 946 beatus
942 916 989 946 sit.

173 958 329 997 Etiamne,
346 959 371 990 si
387 959 522 989 sensibus
538 959 650 989 carebit
662 959 831 996 oculorum,
846 959 870 988 si
881 959 1026 989 aurium?

131 1001 257 1037 Etiam3
285 1012 358 1032 nam
381 1002 438 1032 ista
459 1002 526 1043 ipsa
548 1002 723 1033 contemnit.
763 1002 906 1032 Primum
930 1002 1025 1039 enim,

132 1045 284 1076 horribilis
304 1045 362 1076 ista
382 1045 498 1076 caecitas
519 1045 631 1086 quibus
651 1045 775 1075 tandem
791 1050 871 1075 caret
886 1045 1026 1086 volupta-

132 1087 237 1118 tibus?
261 1099 331 1119 cum
347 1088 474 1129 quidam
490 1089 582 1118 etiam
598 1088 764 1129 disputent,
781 1094 902 1118 caeteras
918 1089 1026 1129 volup-

134 1136 210 1161 tates
225 1131 256 1161 in
268 1131 341 1172 ipsis
352 1131 489 1162 habitare
504 1131 656 1162 sensibus:
678 1142 748 1172 quae
763 1137 865 1161 autern
882 1131 1026 1172 adspectu

132 1174 349 1215 percipiantur,
366 1185 401 1205 ea
415 1185 477 1205 non
492 1174 605 1205 versari
619 1174 651 1204 in
667 1175 825 1205 oculorum
837 1173 926 1204 ulla
914 1184 1026 1213 Jucun-

135 1217 238 1248 ditate.
262 1217 308 1248 Ut
319 1228 365 1257 ea,
382 1229 451 1270 quae
462 1224 630 1258 gustemuS,
643 1218 833 1255 olfaciamus,
850 1223 1026 1258 tractemus,

135 1259 333 1299 audiamus,'
325 1271 357 1291 m
372 1271 408 1291 ea
422 1261 500 1302 ipsa,
517 1261 572 1291 ubi
583 1261 741 1298 sentimus,
756 1266 842 1309 parte
854 1266 1026 1299 versentur-3

134 1303 167 1333 in
189 1304 284 1334 oculis
305 1304 364 1334 tale
383 1304 461 1334 nihil
482 1304 527 1334 fit.
559 1304 696 1334 Animus
718 1303 836 1344 accipit,
859 1314 928 1344 quae
946 1304 1030 1335 vide-

136 1356 216 1376 mus.
242 1347 361 1377 Animo
376 1353 479 1377 autem
494 1347 601 1377 multis
616 1347 714 1378 modis
727 1347 877 1387 variisque
889 1346 1030 1379 delectari

136 1389 217 1427 licet,
244 1390 336 1420 etiam
361 1390 385 1421 si
409 1400 470 1420 non
496 1390 676 1420 adhibeatur
700 1389 867 1430 adspectus.
904 1390 1031 1431 Loquor

137 1432 219 1462 enim
234 1432 272 1463 de
287 1433 375 1464 docto
389 1433 514 1464 homine
529 1439 559 1463 et
575 1433 703 1471 erudito,
719 1433 769 1463 cui
789 1432 888 1463 vivere
908 1439 963 1469 est,
980 1444 1029 1464 co-

137 1475 242 1515 gitare.
275 1476 426 1517 Sapientis
446 1482 549 1506 autern
570 1476 712 1517 cogitatio
732 1486 793 1506 non
815 1475 910 1506 ferme
929 1476 968 1506 ad
983 1477 1030 1506 in-

138 1518 350 1559 vestigandum
372 1519 496 1550 adhibet
513 1519 616 1550 oculos
636 1519 805 1550 advocatos.
844 1519 981 1557 Etenim,
1006 1521 1031 1551 si

138 1570 200 1591 nox
216 1571 277 1591 non
292 1562 400 1592 adimit
415 1562 508 1592 vitam
524 1564 656 1599 beatam,
674 1573 727 1593 cur
745 1562 808 1592 dies
828 1562 909 1592 nocti
924 1563 1032 1594 similis

138 1603 276 1634 adimat?
299 1614 372 1635 nam
391 1605 470 1635 illud
490 1605 649 1646 Antipatri
670 1605 830 1647 Cyrenaici
849 1612 892 1635 est
907 1605 1033 1645 quidem

139 1647 232 1687 paulo
257 1648 444 1685 obscoenius3
478 1648 530 1679 sed
553 1659 615 1679 non
642 1648 773 1679 absurda
796 1648 943 1678 sententia
965 1655 1031 1680 est:

140 1691 228 1729 cujus
261 1690 427 1721 caecitatem
456 1702 528 1722 cum
560 1691 749 1722 mulierculae
781 1691 1032 1730 lamentarentur,

141 1734 164 1750 “
177 1732 265 1770 Quid
284 1733 418 1774 agitis?'’
448 1734 569 1775 inquit·
599 1737 622 1752 ‘⁶
639 1745 676 1765 an
701 1734 785 1765 vobis
809 1734 894 1764 nulla
917 1734 1035 1766 videtur

142 1775 283 1816 voluptas
298 1786 361 1807 esse
375 1783 542 1809 nocturna.
532 1778 571 1799 ‘2'’
603 1778 746 1821 Appium
764 1777 889 1818 quidem
905 1783 1036 1809 veterem

186 1820 339 1860 (Philus.)
362 1830 384 1851 v
389 1829 446 1853 οι.
464 1829 522 1853 111.
720 1821 740 1850 2
757 1829 776 1851 c
