1226 1935
233 86 298 116 302
342 84 404 115 DE
428 84 537 115 NAT.
562 83 701 115 DEOR.
725 84 804 114 Lm.
823 84 850 114 Ι.
875 84 958 115 ΟΑΡ.
976 84 1024 115 lo.

234 171 395 209 aeternitas,
412 180 506 211 quam
522 170 608 200 nulla
622 176 795 211 temporum
811 170 1046 212 circumscriptio
1060 181 1124 201 me-

234 214 381 244 tiebatur:
396 214 492 254 spatio
502 219 615 251 tamen,
627 214 725 254 qualis
735 224 770 243 ea
778 213 879 251 fuerit,
891 214 1018 254 intelligi
1031 213 1124 255 [non]

234 262 348 298 potest3
366 257 448 298 quod
460 267 497 286 ne
508 257 540 286 in
551 257 763 296 cogitationem
774 256 897 297 quidem
908 257 998 293 cadit,
1010 263 1045 287 ut
1059 257 1125 287 fue-

235 300 274 329 rit
297 306 417 341 tempus
432 299 567 340 aliquod,
584 300 706 329 nullum
722 310 793 330 cum
809 306 929 340 tempus
945 306 1028 330 esset.
1062 300 1126 330 Isto

236 343 331 383 igitur
352 348 415 373 tam
435 342 585 372 immenso
601 342 707 383 spatio,
725 348 838 384 q'uaero,
855 343 964 379 Balbe,
982 353 1035 373 cur
1051 343 1126 373 Pro-

235 396 303 416 noea
318 392 415 416 vestra
430 385 596 416 cessaverit.
624 385 815 415 Laboremne
829 385 988 426 fugiebat?
1010 386 1056 416 At
1071 385 1126 415 iste

235 439 290 459 nec
305 429 427 469 attingit
442 428 566 464 Deum3
592 438 647 458 nec
662 434 724 458 erat
744 429 838 463 ullus,
855 439 926 458 eum
947 439 1051 459 omnes
1072 438 1125 458 na-

236 478 313 502 turae
328 472 448 502 numini
464 471 578 509 divino,
596 471 716 507 coelum,
733 471 828 511 ignes,
842 478 938 507 terrae,
952 472 1058 507 maria,
1072 482 1126 511 pa-

235 521 344 545 rerent.
377 514 463 553 Quid
483 520 586 544 autem
607 520 680 549 erat,
703 514 786 555 quod
805 515 1025 555 concupisceret
1040 514 1127 544 Deus

236 558 390 588 mundum
412 557 504 598 signis
527 565 556 587 et
575 557 756 595 luminibus,
778 563 937 598 tamquam
956 557 1062 595 aedilis,
1079 568 1127 587 or-

236 601 331 631 nare?
359 601 403 638 Si,
426 607 461 630 ut
483 599 602 641 [Deus]
627 600 690 640 ipse
712 600 821 630 melius
841 601 1011 636 habitarem
1039 606 1128 630 antea

235 644 385 680 videlicet,
402 649 538 684 tempore
555 643 686 679 infinito,
703 643 735 673 in
754 643 893 680 tenebris,
915 649 1074 684 tamquam
1095 643 1127 673 in

235 687 406 727 gurgustio,
425 686 622 717 habitaverat.
651 686 725 716 Post
739 692 841 716 autem
858 686 1039 716 varietatene
1055 697 1126 716 eum

234 730 376 760 delectari
400 735 555 770 putamus,
580 729 642 770 qua
666 730 776 759 coelum
801 734 830 759 et
852 735 944 760 terras
969 735 1127 759 exornatas

236 772 398 803 videmus?
421 772 502 810 Quae
513 773 570 802 ista
584 778 682 812 potest
697 783 759 802 esse
774 773 933 802 oblectatio
949 772 1039 802 Deo?
1059 783 1128 813 quae

236 816 261 846 si
277 822 364 852 esset,
381 825 442 846 non
458 816 493 846 eft
509 815 627 845 tamdiu
643 826 741 845 carere
755 816 909 856 potuisset.

279 859 334 889 An
358 859 433 897 haec,
457 864 492 888 ut
516 858 578 888 fere
602 858 710 895 dicitis,
731 858 893 888 hominum
914 858 1004 889 causa
1021 869 1040 888 a
1060 858 1128 889 Deo

235 902 399 932 constituta
414 901 506 932 sunt?
532 902 773 942 Sapientia-nne?
795 908 918 942 propter
932 912 1042 942 paucos
1058 912 1128 942 ergo

235 951 320 975 tanta
338 951 382 975 est
401 945 480 975 facta
500 955 602 975 rerum
624 945 749 975 molitio.
784 945 839 974 An
860 945 1023 975 stultorum
1032 945 1053 981 ἶ)-
1081 945 1127 975 At

235 988 373 1029 primum
388 998 478 1018 causa
492 998 553 1018 non
569 987 638 1025 fuit,
655 998 709 1018 cur
727 988 764 1018 de
779 988 925 1028 improbis
940 988 1016 1018 bene
1031 998 1126 1018 mere-

236 1037 327 1061 retur.
352 1031 484 1068 Deinde,
501 1031 576 1071 quid
597 1037 641 1061 est
657 1038 819 1067 assecutus,
837 1041 907 1061 cum
923 1041 1027 1061 omnes
1043 1031 1127 1061 stulti

235 1074 297 1105 sint
312 1074 376 1104 sine
392 1074 484 1104 dubio
500 1074 676 1109 miserrimi3
696 1074 831 1104 maxime
842 1073 924 1115 quod
937 1074 1022 1104 stulti
1038 1080 1124 1103 sunt:

236 1117 388 1152 (miserius
405 1117 487 1147 enim
503 1117 631 1147 stultitia
647 1117 721 1157 quid
736 1127 897 1158 possumus
917 1117 1014 1147 dicere
1024 1117 1051 1153 ?)
1073 1117 1121 1147 de-

234 1160 316 1197 inde,
334 1160 416 1201 quod
431 1161 473 1190 ita
488 1161 586 1190 multa
602 1167 672 1190 sunt
686 1160 880 1190 incommoda
894 1160 926 1189 in
948 1160 1021 1197 vita,
1043 1165 1077 1189 ut
1093 1170 1126 1189 ea

235 1204 384 1244 sapientes
399 1203 630 1233 commodorum
642 1204 884 1244 compensatione
896 1203 1021 1239 leniant,
1038 1203 1124 1233 stulti

234 1256 290 1277 nec
305 1247 399 1277 vitare
414 1246 564 1277 venientia
576 1252 713 1287 possunt,
730 1257 785 1276 nee
799 1247 876 1276 ferre
891 1245 1058 1286 praesentia.

278 1289 321 1319 X.
346 1289 411 1327 Qui
426 1300 495 1320 vero
511 1289 665 1319 mundum
685 1290 787 1330 ipsum
806 1289 992 1319 animantem
1009 1289 1126 1329 sapien-

234 1338 358 1373 temque
381 1343 443 1363 esse
466 1333 619 1369 dixerunt,
642 1333 727 1363 nullo
747 1333 839 1363 modo
859 1332 999 1362 viderunt
1016 1331 1126 1370 [animi

234 1381 387 1412 naturam,
405 1376 623 1416 intelligentes]
641 1376 674 1406 in
690 1387 783 1417 quam
799 1376 929 1416 figuram
942 1375 1046 1405 eadere
1058 1385 1126 1415 pos-

235 1425 297 1449 set:
317 1419 355 1449 de
371 1429 432 1460 quo
447 1419 546 1449 dicam
559 1419 700 1460 equidem
712 1419 804 1460 paulo
816 1424 892 1459 post.
917 1418 948 1448 N
953 1428 1011 1448 unc
1023 1424 1125 1447 autem
1139 1428 1145 1435 ·

234 1461 381 1492 hactenus
402 1462 575 1492 admirabor
593 1473 698 1492 eorum
714 1462 898 1499 tarditatem,
918 1461 972 1502 qui
988 1461 1126 1490 animan-

235 1509 310 1542 tem,
337 1505 553 1543 immortalem,
579 1511 608 1536 et
631 1505 773 1535 eumdem
796 1506 932 1541 beatum,
960 1503 1126 1534 rotundum

235 1558 298 1578 esse
321 1548 426 1585 velint,
452 1549 534 1589 quod
558 1549 594 1578 ea
616 1548 715 1578 forma
741 1549 838 1578 ullam
864 1552 953 1587 neget
976 1557 1037 1576 esse
1059 1547 1128 1586 pul-

235 1591 385 1621 chriorem
402 1592 500 1622 Plato.
533 1592 579 1621 At
599 1591 676 1621 mihi
697 1592 744 1622 vel
760 1590 898 1632 cylindri,
913 1590 959 1620 vel
976 1589 1126 1629 quadrati,

234 1634 283 1664 vel
298 1634 376 1672 coni,
390 1635 437 1665 vel
452 1635 630 1675 pyramidis,
644 1634 764 1665 videtur
779 1644 841 1664 esse
856 1632 1022 1663 formosior.
1047 1632 1127 1669 Quae

234 1687 304 1707 vero
320 1677 463 1708 tribuitur
479 1677 541 1708 vita
555 1678 605 1708 isti
627 1677 757 1708 rotundo
779 1676 868 1707 Deo?
902 1676 1024 1716 Nempe
1042 1682 1076 1705 ut
1091 1675 1127 1705 ea

234 1720 385 1751 celeritate
411 1726 657 1762 contorqueatur,
684 1721 733 1751 cui
757 1730 811 1761 par
834 1719 919 1750 nulla
941 1729 978 1749 ne
1002 1718 1125 1758 cogitari

235 1763 359 1802 quidem
385 1764 487 1804 possit.
529 1764 566 1794 In
589 1764 652 1804 qua
678 1773 739 1794 non
766 1763 864 1801 video,
888 1762 1014 1792 ubinam
1038 1770 1124 1791 mens
