1226 1935
246 91 371 123 TUSC.
387 91 560 130 QUAEST.
578 91 656 123 Lm.
672 91 698 124 1.
725 92 808 124 ΟΛΡ.
825 94 877 124 36.
949 93 1008 125 139

115 178 231 208 Utrum
245 178 350 218 igitur,
366 178 391 208 si
407 183 474 208 tum
489 184 565 208 esset
580 178 755 216 exstinctus,
772 190 790 209 a
810 179 896 210 bonis
916 180 1006 209 rebus

115 231 154 251 an
170 231 188 251 a
202 221 290 251 malis
305 221 484 251 discessisset
496 223 510 252 ?
533 221 622 251 Certe
637 232 654 251 a
674 221 798 252 miseris.
835 223 907 252 Non
923 222 1006 252 enim

115 274 186 294 cum
211 274 310 294 socero
333 264 449 293 bellum
472 263 628 304 gessisset;
653 274 714 294 non
735 265 902 305 imparatus
922 274 1008 295 amia

116 307 289 342 sumsisset;
314 316 375 336 non
399 306 526 336 domum
549 307 738 348 reliquisset;
763 317 824 337 non
851 318 887 337 ex
914 307 1005 337 Itali-22

113 348 260 390 fugisset;
284 359 356 386 non,
380 349 512 379 exercitu
533 350 654 387 amisso,
676 350 777 380 nudus
797 351 829 380 in
851 360 1005 380 servorum

115 392 230 422 ferrum
247 398 275 423 et
289 402 399 422 manus
414 392 583 422 incidisset:
608 403 669 422 non
691 393 778 423 liberi
797 393 918 428 defleti;
943 402 1003 422 non

115 434 245 465 fortunae
265 445 368 465 omnes
389 446 408 464 a
431 435 592 465 victoribus
615 435 846 475 possiderentur.
879 435 955 473 Qui,
979 435 1004 465 si

114 484 243 508 mortem
264 484 331 508 tum
346 479 467 515 obisset,
483 477 515 507 in
530 478 724 518 amplissimis
739 478 867 508 fortunis
882 477 1005 508 occidis-

116 526 170 557 set,
194 521 230 557 is,
253 521 469 562 propagatione
483 520 564 557 vitae,
586 527 670 562 quot,
693 528 833 562 quantas,
849 531 943 562 quam
958 521 1005 551 in-

115 563 281 599 credibiles,
297 563 397 594 hausit
412 564 597 594 calamitates
610 564 617 593 ἔ

159 606 321 637 XXXVI.
346 606 423 636 Haee
446 612 543 637 morte
567 607 765 647 effugiuntur,
787 607 878 637 etiam
899 607 924 637 si
944 616 1005 637 non

116 650 280 686 evenerint,
297 655 399 679 tamen
415 649 489 690 quia
501 656 627 690 possunt
643 650 769 680 evenire.
793 650 852 680 Sed
867 650 1006 680 homines

114 703 149 722 ea
169 693 226 722 sibi
247 692 378 723 accidere
398 703 485 733 posse
504 703 565 723 non
586 693 727 732 cogitant.
761 693 881 723 Metelli
902 700 1003 734 sperat

114 735 171 765 sibi
187 735 315 776 quisque
331 735 496 772 fortunam,
514 735 638 776 perinde
653 736 740 776 quasi
760 742 813 765 aut
827 736 929 776 plures
943 735 1004 765 for-

114 779 213 808 tunati
228 778 287 808 sint
303 789 396 818 quam
411 778 564 813 infelices;
589 785 642 808 aut
653 779 724 809 certi
736 778 905 819 quidquam
921 779 959 809 sit
973 779 1005 808 in

114 822 203 851 rebus
215 821 357 851 humanis
369 832 378 857 ;
402 828 455 851 aut
467 831 585 861 sperare
600 821 638 851 sit
652 821 842 862 prudentius,
859 831 953 862 quam
969 821 1006 851 ti-

116 874 207 894 mera

157 907 217 937 Sed
237 907 293 937 hoc
314 907 416 948 ipsum
437 907 628 944 concedatur,
649 907 736 937 bonis
757 909 846 937 rebus
865 907 1005 938 homines

114 956 211 980 morte
230 950 361 990 privari:
387 960 456 990 ergo
471 950 562 980 etiam
578 960 676 980 carere
691 956 826 980 mortuos
838 950 907 980 vitae
923 960 1005 980 com-

111 993 220 1029 modis,
237 993 328 1033 idque
344 1003 406 1023 esse
420 993 575 1023 miserum.
593 992 692 1029 Certe,
708 992 752 1023 ita
763 993 875 1030 dicant,
886 1003 1004 1023 neeesse

113 1042 167 1067 est.
190 1037 244 1066 An
260 1042 358 1077 potest
372 1037 408 1072 is,
425 1036 479 1076 qui
494 1046 554 1066 non
570 1042 624 1072 est,
645 1046 676 1066 re
694 1036 759 1066 ulla
775 1038 898 1066 carere?
921 1036 1005 1066 triste

113 1079 194 1110 enim
215 1085 259 1110 est
279 1089 390 1109 nomen
412 1079 513 1119 ipsum
532 1078 662 1116 carendi,
680 1078 753 1119 quia
767 1079 926 1118 subjicitur
940 1079 1005 1109 haec

112 1122 176 1152 vis:
201 1122 319 1159 habuit,
337 1132 397 1152 non
412 1122 522 1152 habet:
547 1121 706 1158 desiderat,
723 1121 860 1162 requirit,
876 1121 1002 1162 indiget.

112 1164 243 1205 Opinor,
259 1165 323 1195 haec
339 1165 531 1195 incommoda
545 1170 616 1195 sunt
628 1165 764 1195 carentis.
797 1164 888 1195 Caret
899 1165 1004 1201 oculis,

111 1208 213 1238 odiosa
233 1208 367 1243 caecitas3
392 1208 505 1244 liberis,
527 1207 647 1237 orbitas.
684 1207 776 1238 Valet
790 1207 847 1237 hoc
861 1207 893 1237 in
909 1208 984 1238 vivis
995 1220 1004 1237 ε

111 1256 301 1281 mortuorum
313 1257 427 1289 autem,
440 1261 501 1281 non
512 1251 604 1281 modo
620 1250 689 1281 vitae
703 1250 881 1288 commodis,
899 1251 950 1281 sed
965 1260 1004 1281 ne

112 1294 174 1324 vit-21
190 1294 314 1335 quidem
333 1294 410 1335 ipsa,
433 1294 597 1335 quisquam
618 1299 706 1324 caret.
741 1293 792 1324 De
811 1294 939 1324 mortuis
958 1294 1004 1323 lo-

111 1347 199 1378 quor,
208 1337 262 1378 qui
271 1337 348 1367 nulli
360 1343 438 1367 sunt.
457 1337 534 1373 Nos,
546 1336 600 1377 qui
612 1347 729 1373 sumus,
742 1346 829 1373 num,
841 1337 866 1367 si
877 1343 930 1367 aut
942 1347 1006 1367 cor-

110 1380 200 1410 nibus
213 1391 348 1411 caremus
364 1387 416 1410 aut
431 1380 550 1421 pennis,
567 1380 616 1418 sit,
633 1380 687 1420 qui
702 1379 733 1409 id
748 1379 859 1410 dixerit
870 1382 884 1410 ?
915 1380 1004 1411 Certe

113 1433 214 1453 nemo.
247 1423 332 1461 Quid
347 1423 413 1453 ita?
437 1422 533 1460 Quia,
555 1433 626 1453 curn
647 1422 679 1452 id
696 1432 758 1453 non
777 1422 900 1460 habeas,
922 1423 1005 1463 quod

113 1466 170 1496 tibi
186 1476 240 1496 nec
254 1477 312 1498 usu
327 1476 382 1496 nec
396 1466 506 1496 natura
520 1465 558 1496 sit
573 1472 692 1506 aptum,
709 1475 770 1495 non
785 1475 896 1503 careas,
913 1466 1006 1497 etiam

114 1509 139 1539 si
155 1509 264 1540 sentias
278 1515 308 1540 te
322 1519 383 1539 non
397 1509 517 1539 habere.
550 1509 620 1539 Hoc
633 1508 836 1549 premendum
851 1509 944 1539 etiam
959 1515 1005 1540 at-

113 1563 174 1593 que
189 1552 280 1582 etiam
295 1558 338 1582 est
353 1558 580 1592 argumentum,
596 1553 774 1582 confirmato
789 1552 852 1589 iro,
877 1552 915 1583 de
929 1564 1003 1594 quo,

113 1596 138 1626 si
149 1595 292 1625 mortales
303 1595 398 1625 animi
412 1601 494 1633 sunt,
510 1595 649 1626 dubitare
664 1605 724 1625 non
740 1605 912 1635 possumus,
929 1597 1005 1636 quin

112 1643 215 1668 tantus
235 1638 372 1668 interitus
393 1638 425 1668 in
445 1644 543 1668 morte
558 1638 606 1675 sit,
628 1644 664 1668 ut
679 1648 716 1668 ne
731 1638 861 1668 minima
881 1639 1005 1679 quidem

113 1681 242 1722 suspicio
263 1683 365 1712 sensus
380 1681 577 1722 relinquatur.
613 1681 683 1711 Hoc
698 1681 791 1721 igitur
805 1683 898 1721 probe
914 1683 1005 1713 stabi.

112 1724 167 1755 lito
191 1730 220 1754 et
239 1724 313 1762 fixo,
335 1724 413 1755 fflud
433 1724 649 1754 excutiendum
665 1731 720 1761 est,
738 1730 772 1754 ut
793 1723 914 1761 sciatur,
931 1726 1005 1766 quid

112 1769 151 1797 sit
174 1778 284 1805 carere,
308 1778 345 1798 ne
370 1767 559 1810 relinquatur
583 1767 699 1808 aliquid
721 1767 827 1797 erroris
847 1767 878 1798 in
902 1770 1002 1800 verbo.
