1226 1935
228 57 291 86 310
337 55 398 86 DE
423 56 531 86 NAT.
556 56 693 87 DEOR.
718 57 796 86 Lm.
812 56 839 86 Ι.
858 57 940 86 CAP.
958 56 1005 86 18.

228 153 288 173 11011
301 143 438 173 instituto
454 143 556 183 aliquo
571 150 624 173 aut
638 153 722 173 more
737 149 790 173 aut
803 143 870 183 lege
882 143 919 173 sit
933 143 1035 183 opinio
1046 153 1118 173 con-

227 187 343 222 stituta,
360 192 542 226 maneatque
557 186 596 215 ad
612 197 709 217 unum
731 186 869 216 omnium
891 186 980 216 firma
995 196 1118 216 consen-

228 229 271 258 sio
285 240 293 265 3
318 229 446 269 intelligi
462 239 579 259 necesse
594 235 648 267 est,
665 240 727 259 esse
743 229 836 267 Deos,
856 229 1001 270 quoniam
1015 229 1120 259 insitas

228 282 345 309 eorum,
362 273 409 302 vel
424 272 524 312 potius
539 272 670 309 innatas,
687 272 870 312 cognitiones
885 272 1043 302 habemus.
1068 271 1118 302 De

227 325 289 355 quo
304 320 407 345 autem
422 316 560 345 omnium
582 321 690 345 natura
710 315 867 353 consentit,
888 316 920 345 id
935 325 1041 345 verum
1057 325 1119 345 esse

228 368 346 388 necesse
362 364 413 388 est.
438 358 618 398 Esseigitur
630 358 723 396 Deos,
736 357 942 388 confitendum
953 364 1005 388 est.
1026 357 1119 395 Quod

228 401 374 441 quoniam
390 401 451 431 fere
473 407 588 431 constat
608 401 686 431 inter
705 411 820 437 omnes,
843 411 904 431 non
925 401 1120 442 philosophos

227 445 340 481 solum,
357 444 408 474 sed
424 444 515 474 etiam
534 444 690 480 indoctosg
714 444 874 482 fateamur,
892 450 1027 475 constare
1041 443 1120 473 illud

226 487 330 521 etiam,
347 487 425 517 hanc
441 497 495 517 nos
511 487 632 525 habere,
650 487 711 517 sive
726 487 982 527 anticipationem,
999 492 1034 516 ut
1049 493 1120 516 ante

226 529 302 567 dixi,
320 530 381 560 sive
400 530 618 570 praenotionem
639 530 797 560 Deorum:
823 532 907 563 (sunt
928 530 1009 560 enim
1029 531 1119 559 rebus

229 573 314 603 novis
346 583 425 603 nova
456 573 596 613 ponenda
629 573 764 611 nomina,
799 578 834 603 ut
868 573 1021 614 Epicurus
1055 573 1119 613 ipse

229 616 376 655 προληψιν
392 616 566 656 appellavit,
583 626 677 657 quam
693 622 781 646 antea
800 626 890 646 nemo
906 626 940 646 eo
960 617 1050 646 verbo
1065 625 1121 645 no-

227 658 383 695 minarat.)
416 659 506 689 Hauc
528 659 621 699 igitur
636 660 795 697 habemus,
817 665 852 688 ut
868 659 949 689 Deos
969 660 1071 688 beatos
1093 663 1123 688 et

229 701 415 731 immortales
431 707 582 742 putemus.
613 702 693 740 Quae
708 702 789 732 enim
805 702 891 732 nobis
906 708 1014 731 natura
1028 701 1123 731 infor-

226 744 392 774 mationem
415 745 554 775 Deorum
575 745 711 785 ipsorum
733 745 826 781 dedit,
843 745 948 775 eadem
964 744 1122 784 insculpsit

226 787 258 816 in
280 788 444 826 mentibus,
467 794 501 817 ut
525 798 575 817 eos
599 794 724 818 aeternos
748 794 778 818 et
803 789 906 818 beatos
929 787 1119 817 haberemus.

227 829 321 867 Quod
346 831 370 860 si
392 831 434 860 ita
455 836 510 867 est,
534 841 602 861 vere
626 831 762 871 exposita
782 831 836 860 illa
854 831 1002 861 sententia
1022 836 1066 860 est
1080 831 1119 860 ab

227 872 374 913 Epicuro,
400 875 422 891 “
440 873 533 911 Quod
555 879 702 904 aeternum
722 875 908 915 beatumque
935 873 983 912 sit,
1010 874 1042 903 id
1066 882 1121 902 nec

225 916 336 947 habere
350 916 452 957 ipsum
468 917 581 957 negotii
594 917 775 957 quidquam,
788 927 843 947 nec
858 917 1000 947 exhibere
1015 915 1118 946 alteris

224 959 329 1000 itaque
352 970 451 1000 neque
475 960 521 990 ira
544 970 643 1001 neque
669 960 766 1000 gratia
792 960 907 997 tene1i3
932 959 1025 1001 quod,
1051 969 1121 1001 quae

226 1002 300 1032 talia
315 1009 422 1041 essent,
439 1003 592 1033 imbecilla
607 1009 703 1033 essent
718 1003 853 1033 omnia.''

270 1045 303 1075 Si
318 1046 395 1076 nihil
410 1046 495 1076 aliud
509 1057 724 1087 quaereremus,
741 1046 799 1076 nisi
819 1052 854 1076 ut
870 1046 952 1076 Deos
972 1045 1021 1087 pie
1042 1045 1121 1075 cole.

227 1099 339 1126 remus,
357 1095 386 1119 et
398 1095 433 1118 ut
448 1090 658 1130 superstitione
672 1090 880 1126 liberaremur,
895 1089 965 1119 satis
981 1094 1044 1119 erat
1058 1087 1122 1118 dic-

228 1137 306 1161 tum.
340 1132 425 1162 Nam
451 1138 480 1162 et
505 1139 649 1173 praestans
670 1133 809 1163 Deorum
830 1138 937 1162 natura
959 1131 1121 1161 hominum

226 1175 338 1215 pietate
353 1176 511 1213 coleretur,
529 1186 599 1205 cum
615 1182 644 1206 et
664 1181 776 1206 aeterna
791 1181 876 1212 esset,
894 1181 923 1205 et
937 1174 1120 1205 beatissima.

227 1218 332 1248 Habet
344 1218 426 1248 enim
439 1219 665 1249 venerationem
678 1220 806 1258 justam,
821 1217 971 1259 quidquid
983 1217 1120 1253 excellitg

224 1267 255 1291 et
270 1267 369 1291 metus
385 1261 484 1292 omnis
506 1272 524 1291 a
539 1262 569 1292 vi
586 1267 678 1303 atque
693 1262 738 1291 ira
753 1262 893 1292 Deorum
913 1261 1019 1302 pulsus
1035 1266 1120 1291 esset.

226 1303 414 1344 Intelligitur
438 1305 532 1343 enim,
559 1316 577 1335 a
599 1305 688 1335 beata
708 1304 935 1345 immortalique
957 1303 1067 1334 natura
1091 1308 1122 1333 et

226 1346 303 1377 iram
321 1354 349 1377 et
369 1348 497 1388 gratiam
514 1348 682 1388 segregari3
707 1348 819 1389 quibus
840 1347 972 1386 remotis,
988 1347 1088 1376 nullos
1103 1356 1122 1376 a

227 1390 342 1430 superis
354 1390 528 1431 impendere
538 1397 646 1421 metus.
664 1391 734 1429 Sed,
746 1392 784 1421 ad
793 1391 871 1421 hanc
882 1389 1118 1421 confirmandam

228 1433 415 1473 opinionem,
432 1434 566 1474 anquirit
580 1434 700 1464 animus
717 1440 746 1464 et
765 1434 907 1471 formam,
925 1439 953 1464 et
969 1433 1073 1471 vitam,
1091 1438 1121 1462 et

228 1477 377 1506 actionem
394 1478 514 1513 mentis,
532 1484 623 1518 atque
638 1477 844 1517 agitationem,
862 1477 892 1506 in
908 1477 985 1507 Deo.

267 1519 400 1549 XVIII.
425 1521 474 1550 Ac
495 1520 532 1551 de
552 1521 651 1550 forma
666 1520 790 1562 quidem
805 1520 916 1561 partim
936 1525 1045 1549 natura
1060 1528 1115 1547 nos

223 1562 378 1601 admonet,
392 1563 502 1603 partim
515 1564 590 1593 ratio
602 1563 696 1594 docet.
722 1564 806 1593 Nam
819 1574 836 1593 a
848 1563 957 1593 natur&
969 1562 1116 1591 habemus

225 1616 331 1636 omnes
346 1606 485 1636 onmium
501 1607 639 1646 gentium
656 1606 784 1647 speciem
805 1606 923 1636 nullam
940 1605 1043 1641 aliam,
1060 1603 1117 1633 nisi

225 1648 405 1687 humanam,
423 1649 570 1679 Deorum.
606 1649 686 1687 Quae
702 1650 783 1679 enim
799 1649 858 1679 alia
875 1649 973 1678 forma
988 1647 1118 1678 occurrit

224 1702 362 1732 unquam
378 1698 431 1722 aut
446 1692 584 1733 vigilanti
595 1692 750 1733 cuiquam,
764 1698 817 1722 aut
831 1691 1017 1721 dormienti?
1041 1690 1114 1726 Sed,

219 1744 259 1765 ne
273 1735 377 1766 omnia
402 1741 577 1767 revocentur
599 1735 637 1766 ad
659 1736 773 1777 primas
794 1735 941 1774 notiones,
963 1733 1038 1765 ratio
1053 1733 1110 1764 hoc
