1180 1935
188 60 250 92 DE
275 60 382 91 NA'r.
399 58 536 91 DEOR.
555 59 633 90 Lm.
651 59 697 92 11.
714 59 795 90 CAP.
814 60 865 91 58.
909 61 968 93 391

72 145 153 177 dum
179 156 240 177 non
263 157 430 187 egeremus,
459 145 511 185 [ut
537 145 618 187 qui,]
640 151 797 187 tamquam
823 146 963 185 involuti,

75 190 272 229 quiescerent.
302 190 414 220 Latent
429 195 572 230 praeterea
587 188 709 225 utiliter,
723 196 752 219 et
767 189 890 219 excelsis
906 200 962 220 un-

71 232 166 273 dique
186 233 321 273 partibus
342 232 507 273 sepiuntur.
540 231 682 262 Primum
701 233 781 262 enim
797 233 961 273 superiora,

70 276 238 315 superciliis
252 275 393 312 obducta,
409 274 561 310 sudorem,
577 285 596 304 a
610 274 707 314 capite
722 281 751 305 et
765 286 783 304 a
798 274 895 306 fronte
909 276 963 306 de-

72 317 228 356 fluentem,
244 319 403 359 repellunt.
437 319 532 347 Genae
547 317 656 347 deinde
670 318 709 347 ab
724 317 862 347 inferiore
876 325 961 358 parte

70 366 218 397 tutantur,
241 362 393 400 subjectae,
412 360 576 401 leviterque
597 360 770 390 eminentes.
795 360 897 391 Nasus
917 361 960 391 ita

67 403 182 434 locatus
205 411 260 443 est,
283 410 318 434 ut
340 404 427 446 quasi
449 414 556 434 murus
576 402 669 433 oculis
691 403 863 443 interjectus
895 415 958 435 esse

69 446 216 477 videatur.

109 489 247 521 Auditus
272 495 375 520 autem
399 500 517 530 semper
540 495 643 531 patet;
669 489 733 528 ejus
759 489 840 520 enim
867 499 955 520 sensu

67 532 160 563 etiam
186 532 368 565 dormientes
392 543 534 573 egemus:
567 543 586 562 a
612 543 673 573 quo
698 543 769 562 cum
796 543 886 563 sonus
912 538 956 563 est

63 582 216 617 acceptus,
233 576 323 606 etiam
339 586 357 605 a
371 586 478 606 somno
492 575 668 606 excitamur.
693 576 879 606 Flexuosum
900 576 957 605 iter

66 618 168 656 habet,
186 629 223 649 ne
239 619 311 661 quid
328 619 438 648 intrare
453 618 556 659 possit,
573 618 597 648 si
613 619 743 659 simplex
758 625 787 648 et
804 618 952 649 directum

64 668 188 701 pateret⁴
214 662 373 692 Provisum
390 662 493 699 etiam,
506 667 551 698 ut,
569 662 593 691 si
609 672 670 702 qua
684 662 812 691 minima
826 662 952 692 bestiola

61 711 220 735 conaretur
238 705 416 745 irrumpere,
432 705 464 734 in
485 704 623 734 sordibus
643 704 774 740 aurium,
791 710 950 746 tamquam

61 747 94 777 in
111 748 201 785 visco,
222 748 437 778 inhaereseeret.
472 747 571 777 Extra
590 754 691 777 autem
716 748 861 785 eminent,
882 758 952 788 quae

61 791 254 831 appellantur
269 801 367 828 aures,
378 796 408 820 et
422 790 543 831 tegendi
555 791 645 821 causa
659 790 756 829 factae,
770 791 951 831 tutandique

59 836 175 871 sensus,
201 841 230 864 et
249 844 286 864 ne
310 834 433 872 adjectae
453 844 537 864 voces
555 833 738 871 laberentur,
760 840 851 874 atque
871 844 951 864 erra-

60 883 138 914 rent,
163 878 342 918 pn'usquam
367 887 470 907 sensus
495 878 533 906 ab
559 877 606 906 his
636 877 741 917 pulsus
771 883 855 907 esset.
890 876 951 907 Sed

60 920 152 950 duros
168 927 197 950 et
212 920 298 961 quasi
313 920 464 950 corneolos
484 919 596 949 habent
616 920 767 957 introitus,
783 920 951 960 multisque

60 973 132 993 cum
148 963 297 999 flexibus;
321 963 403 1004 quod
418 962 465 993 his
485 962 600 993 naturis
615 963 726 993 relatus
747 963 950 1003 amplificatur

59 1016 162 1036 sonus.
185 1006 336 1044 Quocirca
348 1012 377 1036 et
388 1006 419 1035 in
432 1005 543 1036 fidibus
557 1005 707 1036 testudine
718 1013 884 1044 resonatur,
896 1012 951 1036 aut

58 1059 170 1079 cornu:
195 1056 224 1079 et
239 1060 276 1080 ex
292 1049 432 1080 tortuosis
446 1049 518 1079 locis
534 1054 563 1079 et
582 1048 705 1079 inclusis
729 1049 794 1079 soni
814 1049 949 1080 referun-

59 1098 110 1121 tur
124 1093 294 1133 ampliores.
327 1092 473 1122 Similiter
488 1101 585 1129 nares,
602 1102 671 1133 quae
689 1102 807 1133 semper
826 1098 949 1133 propter

58 1136 237 1166 necessarias
252 1135 396 1166 utilitates
411 1141 526 1176 patent,
543 1135 752 1166 contractiores
772 1135 886 1165 habent
900 1135 947 1171 in(-

57 1178 175 1216 troitus,
200 1189 238 1209 ne
257 1178 332 1219 quid
351 1178 384 1208 in
404 1189 464 1215 eas,
487 1178 570 1218 quod
591 1183 707 1215 noceat,
729 1178 822 1219 possit
841 1189 948 1219 perva-

57 1221 147 1251 dere:
181 1221 403 1262 humoremque
429 1231 547 1262 semper
572 1221 696 1258 habent,
722 1221 763 1251 ad
788 1221 947 1264 pulverem

55 1264 215 1305 multaque
237 1265 296 1294 alia
317 1264 505 1305 depellenda,
531 1274 592 1294 non
614 1264 765 1298 inutilem.
798 1264 947 1296 Gustatus

55 1308 198 1347 praeclare
209 1314 311 1349 septus
321 1313 372 1338 est.
397 1307 461 1338 Ore
472 1307 554 1338 enim
566 1307 747 1345 continetur,
760 1313 790 1342 et
804 1307 844 1337 ad
854 1318 946 1341 usum

53 1357 135 1391 apte,
149 1357 178 1381 et
192 1350 231 1381 ad
246 1350 462 1381 incolumitatis
476 1350 655 1391 custodiam.

96 1393 225 1424 LVIII.
250 1393 423 1434 Omnisque
441 1403 544 1425 sensus
564 1393 726 1429 hominum
742 1393 841 1427 multo
860 1398 945 1423 ante-

53 1436 134 1467 cellit
150 1437 286 1467 sensibus
300 1437 475 1468 bestiarum.
508 1436 650 1467 Primum
672 1436 753 1466 enim
768 1436 848 1471 oculi
862 1436 894 1466 in
909 1437 946 1467 iis

53 1479 181 1516 artibus,
207 1490 338 1521 quarum
358 1479 509 1519 judicium
534 1485 577 1509 est
601 1480 770 1517 oculorum,
792 1479 823 1508 in
846 1479 945 1520 pictis,

51 1522 139 1561 fictis,
155 1523 326 1563 caelatisque
347 1523 463 1560 formis,
478 1523 510 1554 in
531 1532 692 1563 corporum
708 1523 798 1552 etiam
814 1522 948 1553 motione

51 1572 144 1606 atque
158 1572 256 1606 gestu,
273 1566 372 1599 multa
386 1572 513 1600 cernunt
522 1565 671 1595 subtilius.
696 1565 841 1595 Colorum
854 1565 947 1595 etiam

52 1615 83 1638 et
103 1608 270 1648 figurarum
292 1614 479 1642 venustatem
500 1615 592 1648 atque
611 1608 760 1645 ordinem,
782 1614 812 1638 et
834 1610 883 1642 (ut
903 1608 946 1638 ita

52 1651 166 1689 dicam)
182 1651 361 1689 decentiam,
383 1651 463 1681 oculi
480 1651 639 1690 judicant;
664 1657 754 1691 atque
774 1650 865 1680 etiam
886 1651 946 1681 alia

51 1695 178 1733 majora.
202 1695 287 1725 Nam
303 1700 332 1724 et
344 1694 469 1724 virtutes
481 1700 510 1724 et
520 1694 593 1724 vitia
602 1700 802 1734 cognoscunt:
819 1693 944 1731 iratum,

49 1737 238 1778 propitium;
261 1738 428 1777 laetantem,
443 1737 597 1768 dolentem
609 1747 619 1773 ς
643 1737 763 1776 fortem,
776 1736 944 1777 ignavum;
