1226 1935
267 61 329 93 DE
356 61 464 94 NA'r.
482 62 620 94 DEOR.
650 62 728 93 lim.
747 62 774 93 Ι.
791 62 875 93 (λη’.
891 61 944 91 35.
988 59 1051 95 327

156 148 404 188 comprehensim
423 150 461 180 ad
473 155 657 186 extremum,
674 149 765 179 etiam
780 158 888 185 Serme,
905 153 935 178 et
946 147 1050 178 oratio.

159 191 255 228 Nam,
281 192 363 232 quod
387 198 417 222 et
437 203 535 223 mares
558 193 639 223 Deos
660 198 689 222 et
710 192 838 222 feminas
859 202 921 222 esse
941 191 1051 228 dicitis,

159 234 233 275 quid
250 241 404 275 sequatur,
419 235 535 266 videtis:

202 277 356 318 Equidem
377 278 480 308 mirari
501 279 571 309 satis
592 288 653 309 non
677 288 813 319 possum,
832 277 913 307 unde
928 277 966 306 ad
982 277 1053 307 istas

158 320 314 360 opiniones
340 328 435 352 vester
455 321 506 352 isse
526 322 664 362 princeps
685 321 809 352 venerit.
843 321 903 350 Sed
923 321 1054 350 clamare

158 373 219 393 non
241 363 387 401 desinitis,
409 364 601 395 retinendum
622 365 679 394 hoc
700 375 774 401 esse,
786 364 872 394 Deus
892 364 1053 404 ut-beatus

158 406 400 448 immortalisque
416 407 462 437 sit.
487 408 573 446 Quid
589 414 692 438 autem
707 409 817 443 obstat,
835 405 999 447 quominus
1014 406 1053 436 sit

160 450 277 485 beatus,
302 450 325 479 si
341 460 401 480 non
414 450 453 480 sit
468 451 552 491 bipes
565 453 578 481 ἓ
602 456 656 480 aut
670 450 738 487 ista,
755 450 816 480 sive
832 449 969 486 beatitas,
991 449 1053 479 sive

160 492 316 522 beatitudo
328 493 455 523 dicenda
467 500 521 530 est,
535 496 714 534 (utrumque
725 493 850 523 omnino
861 493 986 529 durum,
1003 491 1055 521 sed.

161 545 219 565 usu
232 536 397 566 mollienda
409 537 495 567 nobis
511 538 602 567 verba
617 543 701 574 sunt)
714 546 820 567 verum
836 547 882 573 ea,
899 545 1055 576 quaecum-

161 588 222 619 que
238 584 292 615 est,
319 589 373 609 cur
393 585 446 610 aut
466 580 497 609 in
516 580 610 610 solem
631 580 732 616 illum,
749 585 802 609 aut
817 579 847 609 in
867 579 949 609 hunc
964 588 1074 618 mung
1104 575 1111 578 ”

162 621 250 659 dum,
267 628 321 652 aut
335 622 367 651 in
379 623 515 664 aliquam
527 628 662 653 mentem
675 628 830 659 aeternam,
848 621 939 662 figur
929 634 946 652 ι
957 631 1057 651 mem-

162 664 284 705 brisque
300 666 430 706 corporis
452 676 590 703 vacuam,
613 665 717 696 cadere
738 675 798 695 non
819 667 940 706 potest?
966 664 1056 694 Nihil

162 707 246 737 aliud
267 707 351 744 dicis,
374 709 442 745 nisi,
465 719 625 750 nunquam
646 709 707 739 vidi
723 709 817 739 solem
833 714 886 738 aut
901 707 1056 738 mundum

162 751 297 780 beatum.
330 752 441 789 Quid?
465 752 629 790 mundum,
646 758 754 793 praeter
768 752 861 787 hunc,
878 760 1057 792 unquamne

165 793 291 824 vidisti?
326 795 471 835 Negabis.
510 796 574 826 Cur
596 795 690 835 igitur
710 805 771 824 non
795 800 935 825 sexcenta
959 793 1058 823 millia

162 846 225 866 esse
240 837 438 876 mundorum,
456 838 507 868 sed
518 838 763 876 innumerabilia,
781 848 872 867 ausus
887 848 918 867 es
933 837 1030 867 dicere
1041 838 1056 867 ?

164 879 257 910 Ratio
277 880 389 911 docuit.
425 881 509 922 Ergo
529 881 586 912 hoc
608 888 637 911 te
658 881 733 911 ratio
754 890 815 911 non
831 880 961 917 docebit,
985 890 1057 910 cum

163 923 412 963 praestantissima
441 931 550 954 natura
579 931 744 965 quaeratur,
781 934 877 964 eaque
909 925 998 953 beata
1029 928 1058 953 et

165 972 276 996 aeterna
292 970 375 1007 (quae
391 967 453 997 sola
468 967 571 998 divina
586 968 696 998 natura
716 973 799 1004 sunt)
812 978 821 1001 ς
846 973 880 996 ut
900 966 1058 996 immorta-

164 1009 248 1039 litate
268 1009 419 1040 vincimur
439 1012 477 1041 ab
499 1010 535 1041 ea
564 1010 684 1049 natura,
710 1010 750 1040 sic
770 1010 865 1040 animi
885 1009 1060 1050 praestantia

164 1052 264 1089 vinci;
289 1059 381 1094 atque
404 1059 438 1083 ut
458 1053 565 1089 animi,
587 1054 660 1084 item
685 1053 840 1094 corporis?
865 1053 930 1083 Cur
953 1053 1057 1093 igitur,

165 1105 236 1125 cum
252 1096 364 1126 caeteris
379 1098 469 1127 rebus
489 1097 643 1127 inferiores
664 1097 770 1134 simus,
792 1096 891 1126 forma
906 1106 992 1136 pares
1009 1106 1060 1125 su-

164 1140 259 1169 mus?
283 1139 338 1169 Ad
353 1139 585 1170 similitudinem
606 1140 688 1170 enim
709 1140 777 1170 Deo
797 1139 923 1180 propius
938 1138 1059 1169 accede-

165 1182 218 1212 bat
233 1182 369 1212 humana
384 1183 490 1221 virtus,
507 1193 601 1224 quam
618 1183 725 1224 figura.

210 1225 352 1256 XXXV.
376 1229 430 1256 An
455 1226 625 1267 quidquam
647 1232 710 1256 tam
734 1226 850 1267 puerile
870 1225 929 1256 dici
949 1231 1060 1266 potest,

166 1271 217 1303 (ut
232 1268 375 1299 eumdem
390 1269 492 1299 locum
508 1269 623 1299 diutius
638 1276 777 1310 urgeam)
794 1280 887 1310 quam
909 1269 934 1299 si
954 1279 989 1299 ea
1008 1279 1061 1309 ge-

167 1321 241 1342 nera
264 1312 448 1348 belluarum,
474 1323 543 1353 quae
563 1312 595 1342 in
616 1313 725 1343 Rubro
745 1313 823 1342 mari
846 1312 973 1342 Indiave
993 1312 1060 1352 gig-

168 1360 291 1392 nantur,
316 1355 402 1385 nulla
422 1366 484 1386 esse
504 1356 659 1386 dicamus.
652 1358 665 1378 ’δ
698 1356 799 1396 Atqui
815 1365 852 1386 ne
868 1355 1061 1385 curiosissimi

169 1397 293 1439 quidem
309 1399 446 1429 homines
462 1399 648 1440 exquirendo
664 1399 768 1429 audire
788 1404 851 1428 tam
872 1399 972 1428 multa
992 1409 1062 1438 pos-

169 1447 251 1478 sunt,
268 1452 361 1482 quam
378 1448 448 1472 sunt
463 1442 572 1479 multa,
589 1453 659 1483 quae
674 1442 764 1480 terra,
780 1442 869 1480 mari,
886 1441 1062 1482 paludibus,

169 1484 347 1515 fluminibus
363 1485 530 1515 exsistunt:
556 1496 625 1526 quae
641 1495 787 1525 negemus
802 1495 875 1521 esse,
896 1485 968 1525 quia
984 1494 1064 1514 nun-

170 1537 265 1568 quam
287 1528 443 1559 vidimus?
468 1528 540 1569 Ipsa
561 1539 631 1559 vero
652 1539 745 1569 quam
767 1528 844 1557 nihil
862 1528 901 1557 ad
916 1537 980 1557 rem
996 1538 1064 1567 per-

170 1571 258 1609 tinet,
283 1581 352 1611 quae
367 1582 419 1602 vos
434 1571 563 1601 delectat
577 1572 723 1609 maxime,
740 1571 907 1601 similitudo
920 1570 928 1600 !
953 1570 1039 1608 Quid
1050 1571 1064 1600 ?

171 1613 254 1644 canis
269 1623 370 1645 nonne
385 1614 491 1644 similis
505 1615 605 1655 lupo?
622 1620 725 1656 atque,
741 1620 777 1644 ut
791 1614 923 1652 Ennius,

215 1674 239 1690 ‘⁶
255 1672 351 1704 Simia
366 1683 461 1714 quam
476 1673 596 1712 similis,
611 1673 788 1715 turpissima
801 1671 908 1711 bestia,
933 1671 1040 1703 nobis.
1033 1671 1066 1691 '''

171 1742 218 1774 At
229 1753 327 1774 mores
342 1744 374 1774 in
389 1749 519 1786 utroque
533 1743 676 1786 dispares.
699 1743 875 1784 Elephanto
890 1742 1064 1774 belluarum
