1180 1935
191 105 256 137 350
300 107 361 139 DE
386 109 495 140 NAT.
511 109 650 141 DEOR.
668 110 747 140 Lm.
766 110 812 141 II.
831 109 915 140 CAP.
936 109 984 139 13.

190 193 245 233 qui
261 199 305 224 est
319 196 428 226 mundi
443 207 524 237 pars,
547 197 693 238 quoniam
714 196 837 227 rationis
861 202 904 226 est
923 194 1083 236 particeps,

190 236 287 276 pluris
303 248 364 269 esse
380 250 473 280 quam
489 240 642 270 mundum
658 250 792 277 omnen,
809 244 967 280 oporteret.

234 280 342 321 Atque
362 283 452 312 etiam
473 283 497 313 si
517 294 535 313 a
555 283 662 323 primis
682 283 889 323 inchoatisque
910 281 1025 311 naturis
1045 280 1084 310 ad

190 322 315 354 ultimas
330 325 536 367 perfectasque
548 327 689 356 volumus
703 326 873 367 procedere,
891 325 929 354 ad
946 325 1085 354 Deorum

191 371 333 397 naturam
349 369 572 409 perveniamus,
590 380 707 399 necesse
722 374 774 399 est.
800 369 905 399 Primo
921 367 1003 398 enim
1019 366 1085 396 ani-

191 409 420 448 madvertimus,
445 423 463 442 a
477 412 587 442 natura
602 412 741 442 sustineri
756 422 790 442 ea
805 422 908 452 quaeD
890 411 1054 451 cigna-ntur
1070 420 1086 439 e

191 452 282 490 terra,
307 455 418 495 quibus
433 462 542 485 natura
558 455 633 485 nihil
654 455 760 485 tribuit
775 436 939 495 amplius?
942 463 1036 494 quam
1052 458 1087 482 ut

192 505 227 524 ea
254 496 361 527 alendo
386 504 478 539 atque
502 499 641 538 augendo
665 503 809 528 tueretur.
848 496 958 527 Bestiis
982 502 1085 526 autem

191 548 314 569 sensum
340 546 368 570 et
391 548 512 571 motum
533 541 626 579 dedit,
643 546 682 578 et,
700 551 770 571 cum
786 539 920 580 quodam
936 539 1085 580 appetitu,

191 591 345 613 accessum
361 584 399 613 ad
414 594 459 614 res
475 585 630 620 salutares,
648 595 665 613 a
677 583 824 632 pestiferis
840 593 1007 613 recessum:
1032 582 1087 611 ho-

192 624 269 654 mini
285 626 341 656 hoc
357 627 501 667 amplius,
523 627 635 668 quoda
622 627 737 657 'uldidit
752 626 910 661 rationem,
928 636 990 665 qua
1004 635 1089 665 rege-

192 674 297 698 rentur
312 669 407 699 animi
427 671 590 712 appetitus,
612 670 665 711 qui
681 676 747 700 tum
769 669 1003 706 remitterentur,
1020 674 1087 698 tum

193 720 237 740 co
230 711 429 743 itinerentur.

237 754 338 785 XIII.
356 756 494 794 Quartus
510 762 613 787 autem
629 756 741 797 gradus
756 761 785 786 et
800 755 964 785 altissimus
980 759 1024 784 est
1039 764 1089 784 eo-

192 807 263 827 rum
274 799 332 847 qui
344 800 454 830 natura
465 800 538 830 boni
550 799 800 840 sapientesquegl
791 799 959 839 ignuntur3
977 797 1089 838 quibus

193 851 212 870 a
235 841 383 883 principio
403 843 568 873 innascitur
589 843 664 873 ratio
684 848 764 873 recta
785 848 995 881 constansque,
1019 851 1089 881 quae

194 894 287 924 supra
301 885 459 916 hominem
477 886 614 927 putanda
635 891 690 923 est,
714 886 842 925 Deoque
862 883 1035 920 tribuenda,
1058 882 1090 913 id

194 933 250 965 est,
274 929 410 959 mundo·
402 953 411 964 ,
436 929 468 959 111
489 940 550 970 quo
571 939 689 959 necesse
705 934 748 959 est
763 928 927 969 perfectam
943 927 1029 957 illam
1044 932 1090 956 at-

194 981 255 1011 que
266 972 460 1002 absolutam
452 983 548 1003 messe
563 972 660 1002 ration
663 983 720 1002 em.
745 972 856 1012 Neque
871 971 952 1001 enim
965 970 1024 1000 dici
1036 979 1091 1010 po-

194 1020 263 1051 test,
287 1015 319 1044 in
340 1015 404 1045 uuit
425 1026 526 1045 rerum
547 1015 735 1045 institutione
750 1024 811 1044 11011
828 1024 889 1044 esse
905 1013 1022 1054 aliquid
1038 1023 1091 1042 ex-

194 1062 329 1088 tremum
342 1064 434 1099 atque
444 1059 622 1099 perfectum.
649 1059 691 1089 Ut
707 1057 789 1088 enim
805 1058 836 1087 in
852 1057 923 1094 vite,
940 1063 975 1086 ut
990 1056 1022 1086 in
1037 1066 1091 1096 pe-

195 1101 282 1138 cude,
307 1102 378 1135 (nisi
402 1113 471 1143 quae
496 1102 539 1132 vis
563 1102 691 1139 obstitit)
716 1101 853 1131 videmus
874 1105 1016 1130 naturam
1037 1109 1092 1128 suo

195 1144 331 1184 quodam
355 1145 462 1175 itinere
489 1146 527 1175 ad
554 1145 700 1175 ultimum
727 1143 903 1185 pervenire3
929 1149 1032 1183 atque,
1056 1147 1092 1172 ut

195 1188 325 1228 pictura,
338 1193 366 1218 et
377 1189 501 1224 fabrica7
513 1195 687 1228 caeteraeque
699 1194 787 1225 artes,
802 1187 915 1216 habent
926 1185 1091 1227 quemdam

195 1231 326 1261 absoluti
349 1232 446 1272 operis
469 1232 630 1266 effectuni;
660 1231 711 1268 sic,
739 1231 771 1260 in
798 1229 883 1259 omni
910 1229 1030 1265 natura,
1059 1238 1094 1258 ac

196 1275 295 1304 multo
319 1275 410 1305 etiam
435 1276 544 1315 magis,
570 1285 687 1305 necesse
711 1280 755 1304 est
778 1273 893 1303 absolvi
917 1272 1033 1313 aliquid
1058 1282 1092 1301 ac

195 1317 308 1358 perfici.
338 1318 462 1348 Etenim
484 1318 597 1348 caeteris
619 1317 735 1347 naturis
752 1316 852 1346 multa
873 1322 1007 1351 externa„
1030 1325 1091 1355 quo

196 1361 299 1390 minus
314 1361 518 1401 perficiantur,
534 1366 660 1402 possunt
672 1361 833 1391 obsistere.
851 1359 1024 1389 universam
1037 1368 1092 1387 au-

196 1408 259 1433 tem
280 1410 421 1434 naturam
443 1405 529 1434 nulla
553 1415 598 1434 res
622 1410 720 1444 potest
742 1401 909 1443 impedire3
933 1407 1093 1442 propterea

197 1447 280 1488 quod
301 1458 405 1478 omnes
426 1453 549 1477 naturas
563 1448 629 1488 insa
644 1447 763 1477 cohibet
779 1452 808 1475 et
823 1446 965 1475 continet.
1005 1444 1092 1482 Quo-

197 1490 276 1520 circa
296 1500 413 1521 necesse
435 1496 488 1525 est,
511 1501 573 1520 esse
594 1497 739 1531 quartum
759 1489 849 1518 illum
865 1494 895 1518 et
910 1487 1092 1518 altissimum

197 1533 340 1574 gradum,
358 1544 420 1575 quo
435 1534 521 1563 nulla
536 1534 579 1564 vis
594 1533 688 1574 possit
704 1532 851 1562 accedere

244 1577 275 1606 Is
295 1583 397 1607 autem
414 1583 457 1607 est
473 1577 595 1617 gradus,
621 1577 652 1605 in
674 1586 735 1616 quo
755 1585 857 1605 rerum
878 1573 1017 1605 omnium
1038 1583 1092 1602 na-

198 1626 267 1650 tura
281 1620 423 1661 ponitur:
449 1631 518 1661 quae
534 1620 679 1660 quoniam
696 1619 763 1648 talis
779 1624 832 1653 est,
855 1624 890 1647 ut
905 1617 1006 1658 praesit
1027 1626 1093 1647 om-

198 1664 300 1700 nibus,
325 1669 354 1693 et
369 1673 436 1693 eam
452 1664 538 1693 nulla
559 1674 604 1693 res
620 1662 713 1703 possit
727 1661 886 1702 impedire,
903 1671 1022 1690 necesse
1037 1665 1092 1697 est,

197 1706 419 1747 intelligentem
435 1717 497 1737 esse
512 1706 677 1743 mundum,
691 1711 720 1735 et
735 1705 861 1746 quidem
873 1704 964 1733 etiam
977 1703 1095 1744 sapien-

198 1755 271 1779 tem.
305 1749 391 1787 Quid
407 1755 510 1780 autem
526 1755 571 1780 est
585 1749 733 1785 inscitius,
750 1758 844 1789 quam
857 1757 924 1777 eam
940 1751 1094 1781 naturam,

197 1804 267 1833 quae
281 1802 387 1824 omnes
399 1804 444 1824 res
460 1793 497 1824 sit
509 1793 680 1834 complexa,
697 1802 758 1822 non
774 1791 922 1832 optimam
935 1789 1015 1827 dici;
1029 1794 1094 1824 aut,
