1180 1935
155 75 221 110 370
265 75 327 106 DE
344 76 451 107 NAT.
468 76 605 110 DEOR.
623 77 702 109 Lm.
716 77 762 109 11.
780 77 864 108 CAP.
882 77 934 108 35.

155 160 203 190 dis
219 161 343 201 sphaerae
357 163 610 201 conversionibus,
622 173 717 204 quam
736 169 877 194 naturam
899 161 930 191 in
953 160 1043 192 effici-

158 203 254 241 endis,
277 205 441 244 praesertim
463 217 533 236 cum
553 207 658 237 multis
679 207 816 247 partibus
837 206 897 236 sint
910 205 964 234 illa
978 214 1046 244 per-

160 245 249 282 fecta,
265 257 359 287 quam
369 248 433 278 haec
443 249 595 285 simulata,
609 249 766 279 sollertius.
791 248 891 289 Atqui
902 247 953 277 ille
963 245 1045 287 apud

159 288 291 319 Accium
307 297 419 330 pastor,
441 292 494 332 qui
515 302 623 322 navem
646 302 804 332 nunquam
824 297 894 321 ante
913 289 1044 325 vidisset,

161 337 195 360 ut
211 333 316 372 procul
332 333 470 364 divinum
486 340 515 364 et
531 344 645 364 novum
661 335 834 365 vehiculum
852 333 1047 373 Argonauta-

161 384 230 404 rum
247 386 263 404 e
283 382 385 406 monte
407 377 573 417 conspexit,
597 377 696 418 primo
718 377 870 407 admirans
892 382 922 406 et
936 380 1048 416 perter-

160 416 247 455 ritus,
263 418 320 449 hoc
335 419 425 449 modo
440 420 595 460 loquitur:

207 501 413 509 ...............
433 481 455 496 “
472 479 575 509 Tanta
588 480 683 510 moles
698 479 814 510 labitur

205 520 418 551 Fremebunda
432 532 469 552 ex
485 522 557 560 alto,
574 522 689 562 ingenti
704 522 803 552 sonitu
816 527 845 551 et
860 520 966 561 spiritu
981 531 989 550 ε

207 563 274 593 Prae
290 574 320 593 se
335 564 431 594 undas
447 565 540 595 volvit
553 576 560 595 ε
586 565 710 595 vortices
725 565 754 595 vi
769 565 907 595 suscitat:

207 606 285 635 Ruit
299 607 438 647 prolapsa
450 619 457 637 :
483 608 608 648 pelagus
624 608 778 648 respergit..
792 608 887 637 reflat.

209 649 258 678 Ita
272 648 346 678 dum
362 649 565 690 interruptum
582 650 683 681 credas
698 650 838 680 nimbum
854 649 979 686 volvier,

208 690 295 721 Dum
311 692 393 732 quod
403 693 532 723 sublime
547 693 643 723 ventis
659 694 822 734 expulsum
838 692 903 733 rapi

206 735 337 771 Saxum,
353 741 406 765 aut
421 736 568 776 procellis,
582 736 628 766 vel
644 737 782 776 globosos
797 735 931 766 turbines

208 776 363 807 Exsistere
378 778 452 808 ictos
467 779 556 809 undis
568 779 814 809 concursantibus
828 789 838 815 ς

210 820 279 850 Nisi
295 831 370 860 quas
385 827 535 851 terrestres
550 828 660 862 pontus
676 828 787 861 strages
803 820 936 856 conciet3

208 863 278 892 Aut
300 863 376 893 forte
391 864 512 901 Triton,
529 864 646 894 fuscina
661 870 794 894 evertens
810 874 926 905 specuS‚

209 906 321 935 Subter
336 906 449 936 radices
465 907 585 947 penitus
600 907 727 937 undanti
743 907 773 937 in
789 907 865 937 freto

210 948 330 978 Molem
346 959 383 979 ex
398 949 549 990 profundo
564 960 686 980 saxeam
702 950 739 980 ad
755 951 863 980 coelum
880 948 990 979 eruit.⁹'

167 1023 298 1053 Dubitat
312 1023 423 1064 primo,
440 1034 509 1064 quae
524 1024 561 1054 sit
576 1035 610 1054 ea
625 1029 744 1062 natura,
757 1034 850 1064 quam
863 1023 958 1054 cernit
968 1023 1049 1062 igno·

167 1072 250 1096 tam:
275 1066 428 1107 idemque,
449 1067 612 1106 juvenibus
636 1067 717 1105 visis,
741 1067 906 1107 auditoque
935 1065 1056 1096 nautico

167 1115 278 1139 cantu:

212 1170 235 1185 ‘⁴
253 1168 338 1199 Sicut
352 1168 436 1199 inciti
452 1175 543 1210 atque
558 1169 669 1200 alacres
684 1168 786 1199 rostris
801 1168 990 1210 perfremunt

211 1210 383 1252 Delphini‘'
389 1235 510 1244 .........

169 1283 243 1313 item
255 1282 316 1312 alia
330 1283 429 1312 multa
444 1294 452 1313 :

216 1366 467 1373 ..................
487 1344 510 1359 “
527 1342 643 1372 Silvani
659 1342 740 1372 melo

214 1385 412 1415 Consimilem
424 1385 462 1414 ad
478 1395 564 1415 aures
580 1391 702 1414 cantum
719 1391 748 1414 et
763 1384 902 1414 auditum
919 1382 1040 1413 refert.”

174 1455 269 1495 Ergo,
277 1461 312 1485 ut
320 1455 370 1485 hic
379 1455 478 1496 primo
489 1455 631 1496 adspectu
647 1455 819 1485 inanimum
830 1453 988 1495 quiddam⁷
996 1462 1061 1483 sen-

174 1508 272 1538 suque
287 1508 429 1535 vacuum,
447 1509 476 1528 se
491 1504 581 1538 putat
592 1508 711 1528 cernere
724 1509 733 1533 ;
757 1503 825 1538 post
839 1502 952 1534 autem,
970 1495 1063 1535 signis

173 1540 361 1579 certioribus,
377 1542 467 1582 quale
488 1541 525 1571 sit
544 1541 576 1570 id
597 1541 634 1571 de
654 1551 714 1581 quo
735 1540 935 1574 dubitaverat,
958 1538 1063 1578 incipit

174 1584 320 1624 suspicari
333 1595 342 1620 ;
367 1585 408 1614 sic
422 1584 594 1625 philosophi
609 1584 791 1619 debuerunt,
808 1583 832 1612 si
847 1581 923 1612 forte
938 1591 987 1611 eos
1002 1580 1064 1621 pri-

174 1637 244 1657 mus
267 1626 425 1667 adspectus
449 1627 557 1656 mundi
583 1628 823 1661 conturbaverat,
851 1630 965 1665 postea,
993 1633 1063 1653 cum

174 1669 318 1700 vidissent
333 1676 433 1700 motus
448 1670 513 1708 ejus
533 1669 633 1700 finitos
653 1676 683 1699 et
701 1669 875 1709 aequabiles,
899 1666 1065 1706 omniaque

175 1712 249 1741 ratis
267 1712 422 1743 ordinibus
439 1712 605 1749 moderata,
620 1711 867 1751 immutabilique
882 1708 1064 1746 constantia,

175 1754 347 1796 intelligere
360 1755 456 1787 inesse
471 1755 604 1796 aliquem
627 1765 688 1786 non
704 1755 803 1785 solun]
819 1753 1019 1784 habitatorem
1035 1751 1066 1781 in
