1226 1935
249 77 373 110 'ruso
390 67 698 118 QUAEST.'1,112.1.
712 79 796 110 cn.
812 80 842 109 8.
935 76 991 107 111

107 162 240 201 αξιωμαε
264 171 332 195 utar
351 171 419 206 post
438 165 508 202 alio,
530 165 555 196 si
575 165 716 196 invenero
735 165 858 202 melius)
874 164 906 195 id
926 172 997 203 ergo

105 211 149 234 est
165 208 405 245 pronuntiatum,
422 208 504 249 quod
520 214 563 238 est
578 218 683 239 verum
698 214 752 238 aut
765 208 886 238 falsum.
912 207 994 238 Cum

107 247 181 278 dicis
206 249 309 289 igitur,
335 253 357 268 ⁶⁸
381 250 479 281 Miser
495 251 544 281 Μ.
562 252 725 289 Crassus,’'
752 257 805 281 aut
830 250 887 281 hoc
912 250 997 287 dicis,

109 292 131 307 “
148 290 246 322 Miser
260 299 304 323 est
320 293 368 323 M.
385 294 545 331 Crassus‚''
568 300 603 324 ut
624 295 716 334 possit
732 293 873 333 judicari,
891 302 997 324 verum

108 332 140 362 id
155 334 305 366 falsumne
320 336 358 366 sit
371 347 380 373 ;
404 343 457 367 aut
469 337 546 367 nihil
561 337 634 367 dicis
649 337 783 367 omnino.

148 377 294 407 Auditor.
318 380 400 419 Age,
415 380 479 418 jam
490 380 630 416 concedo,
644 390 704 409 non
720 390 782 409 esse
794 379 930 416 miseros,
942 377 997 418 qui

105 420 217 450 mortui
232 427 313 460 sunt,
330 422 475 462 quoniam
491 422 651 460 extorsisti,
667 428 702 452 ut
721 422 841 459 faterer,
858 422 912 462 qui
930 430 997 450 om-

105 461 176 492 nino
192 473 252 493 non
269 471 376 503 essent,
393 475 442 495 eos
464 475 503 495 ne
526 465 649 496 miseros
670 465 795 506 quidem
817 474 880 494 esse
900 474 996 505 posse.

104 504 214 542 Quid?
238 508 291 548 qui
307 508 448 545 vivimus,
461 518 531 538 cum
546 508 739 538 moriendum
754 508 803 545 sit,
820 517 921 537 nonne
935 506 995 536 mi-

104 548 160 577 seri
171 559 276 580 sumus
288 552 301 581 ?
325 551 405 588 Quae
414 551 495 581 enim
507 556 604 591 potest
615 551 646 581 in
659 551 721 581 vita
733 561 794 581 esse
807 549 993 589 jucunditas,

105 600 176 620 cum
192 592 254 623 dies
269 599 298 623 et
314 599 414 624 noctes
429 594 625 635 cogitandum
645 594 693 633 sit,
707 595 772 633 jam
789 594 917 634 jamque
932 602 996 622 esse

108 634 300 665 moriendum
313 638 327 666 ?

149 677 197 707 VI
203 678 246 708 11.
256 680 301 708 M
300 690 398 709 ‹tt-cus.
411 679 510 720 Ecqui
519 690 589 720 ergo
598 679 752 720 intelligis,
761 684 911 720 quantum
920 677 997 708 mali

104 718 142 748 de
156 720 292 751 humanit
308 723 476 753 conditione
491 722 631 762 dejeceris
645 725 659 753 Ρ
683 723 829 752 Auditor.
849 722 996 760 Quonam

104 763 195 793 modo
209 766 222 794 Ρ
246 765 389 795 Marcus.
413 766 507 803 Quia,
524 766 548 795 si
563 766 641 795 mori
656 766 747 796 etiam
759 765 886 795 mortuis
906 764 997 794 mise-

105 815 174 835 rum
191 812 276 844 esset,
293 807 447 838 infinitum
463 808 617 848 quoddam
639 814 668 838 et
688 808 907 849 sempiternum
929 817 997 836 ma-

104 848 171 878 lum
183 849 363 880 haberemus
375 851 406 880 in
419 851 489 880 vitii.
515 851 546 880 N
550 861 608 881 unc
619 851 704 881 video
717 851 840 887 calcem,
852 850 890 879 ad
899 859 993 890 quam

105 901 176 921 cum
188 892 225 922 sit
240 892 412 930 decursum,
425 893 501 923 nihil
517 894 555 924 sit
570 900 713 934 praeterea
724 893 993 924 extimescendum.

105 934 167 964 Sed
183 941 216 964 tu
231 936 308 965 mihi
323 936 431 967 videris
446 936 624 977 Epicharmi
640 936 745 974 (acuti,
756 946 811 966 nec
822 935 929 965 insulsi
941 935 996 965 ho-

106 977 209 1016 minis,
221 984 256 1008 ut
265 979 379 1017 Siculi)
395 980 573 1010 sententiam
589 979 684 1020 sequi.
708 980 855 1010 Auditor.
867 978 972 1016 Quam
981 979 996 1009 ?

106 1030 168 1050 non
184 1021 266 1052 enim
281 1022 360 1052 novi.
391 1023 534 1052 Marcus.
551 1022 673 1060 Dicam,
691 1022 716 1052 si
730 1027 844 1063 potero,
862 1021 972 1051 Latine
986 1032 995 1051 z

105 1064 161 1094 scis
186 1064 267 1094 enim
290 1075 340 1095 me
361 1065 465 1095 Graece
488 1065 573 1106 loqui
596 1065 627 1094 in
643 1065 755 1095 Latino
778 1074 914 1094 sermone
934 1073 996 1094 non

105 1108 175 1148 plus
187 1108 290 1144 solere,
302 1119 396 1149 quam
411 1108 442 1138 in
456 1108 562 1138 Graeco
572 1108 691 1138 Latine.
708 1107 854 1138 Auditor.
865 1106 908 1137 Et
917 1112 996 1136 recte

106 1150 241 1190 quidem.
265 1151 326 1181 Sed
341 1162 410 1192 quae
424 1151 548 1182 tandem
562 1157 606 1182 est
620 1150 799 1193 Epicharmi
808 1150 865 1181 ista
874 1155 994 1181 senten-

111 1193 179 1224 tia?
234 1195 379 1224 Marcus.

152 1252 174 1270 “
190 1252 298 1283 Emori
313 1253 402 1310 nolo:
427 1252 479 1284 sed
497 1263 548 1284 me
568 1263 630 1284 esse
649 1258 807 1284 mortuum
821 1250 899 1283 nihil
917 1250 997 1283 aesti-

282 1296 355 1326 mo.'

107 1365 255 1396 Auditor.
277 1364 353 1396 Jam
373 1375 501 1406 agnosco
523 1365 685 1397 Graecum:
710 1371 740 1396 et
760 1365 905 1407 quoniam
929 1366 997 1395 co&-

108 1408 190 1449 gisti‚
207 1414 242 1438 ut
255 1408 459 1447 concederem,
481 1409 535 1450 qui
550 1409 663 1439 mortui
678 1415 786 1446 essent,
803 1419 852 1439 eos
871 1407 997 1438 miseros

109 1461 170 1481 non
186 1461 259 1489 esse,
275 1451 395 1492 perfice,
412 1452 436 1482 si
451 1458 546 1493 potes,
562 1459 598 1482 ut
612 1462 650 1482 ne
664 1451 857 1482 moriendum
872 1450 998 1492 quidem

110 1504 183 1532 esse,
213 1495 359 1525 miserum
387 1501 503 1535 putem.
542 1496 686 1525 Marcus.
718 1495 794 1525 Jam
822 1494 900 1524 istuc
929 1493 999 1534 qui-

110 1537 181 1567 dem
203 1537 280 1567 nihil
302 1538 414 1578 negotii
440 1544 502 1568 est:
536 1538 588 1568 sed
613 1538 705 1569 etiam
733 1538 850 1577 majora
878 1537 998 1566 molior.

110 1580 257 1610 Auditor.
274 1580 346 1618 Quo
361 1581 453 1612 modo
467 1581 524 1611 hoc
539 1581 614 1611 nihi]
636 1580 749 1621 negotii
769 1581 837 1611 est?
861 1585 915 1610 aut
930 1590 999 1620 quae

112 1629 183 1653 sunt
207 1623 329 1654 tandem
357 1623 414 1654 ista
440 1625 580 1664 majora?
604 1625 748 1654 Marcus.
776 1623 945 1661 Quoniam,
972 1621 998 1652 si

110 1671 178 1706 post
201 1672 330 1696 mortem
355 1666 432 1696 nihil
457 1673 501 1697 est
526 1666 611 1705 mali,
638 1676 676 1697 ne
697 1677 779 1696 mors
807 1665 930 1706 quidem
955 1670 999 1695 est

111 1708 250 1745 malum3
273 1709 322 1739 cui
336 1710 512 1750 proximum
527 1715 648 1751 tempus
666 1715 710 1741 est
728 1715 796 1751 post
810 1714 951 1745 mortem,
966 1708 999 1737 in

113 1761 175 1792 quo
188 1751 262 1782 mali
277 1751 354 1783 nihil
369 1762 432 1784 esse
445 1752 590 1784 concedis.
615 1753 665 1784 Ita
675 1763 714 1783 ne
727 1751 921 1783 moriendum
933 1750 1001 1792 qui-
