1226 1935
210 77 251 113 78
349 75 409 106 DE
433 75 630 115 FINIBUS,
649 77 727 108 111ss.
745 78 786 108 V.
803 78 886 109 CAP.
908 78 956 109 13.

213 169 326 198 tutum,
343 168 377 192 ut
393 168 421 192 et
437 163 572 192 sensibus
589 163 752 195 instructus
773 165 821 201 sit,
844 171 872 195 et
892 165 1002 194 habeat
1022 175 1099 204 prm-

214 205 355 235 stantiam
370 205 491 241 mentis7
509 206 556 235 cui
575 212 638 236 tota
657 208 789 237 hominis
808 213 915 238 natura
935 213 1049 247 pareat,
1066 208 1097 236 in

213 249 276 289 qua
291 248 328 278 sit
343 248 489 278 mirabilis
505 249 644 289 quaedam
661 250 704 280 vis
719 250 853 285 rationis,
867 256 895 280 et
910 250 1100 290 cognitionis,

214 298 244 321 et
260 291 401 327 scientim,
418 291 625 332 virtutumque
640 293 788 323 omnium.
814 294 897 323 Nam
914 303 981 333 qum
997 303 1102 332 corpo-

216 335 255 364 ris
281 340 362 371 sunt,
388 344 422 364 ea
446 344 500 364 nec
526 335 733 365 auc-toritatem
757 346 826 366 cum
847 336 941 365 animi
965 335 1102 374 partibus

216 377 463 418 comparandam,
495 383 524 406 et
552 378 754 417 cognitionem
783 379 896 408 liabent
926 378 1101 408 faciliorem.

218 422 329 460 Itaque
345 421 382 449 ab
398 419 444 449 his
460 420 622 450 ordiemur.

261 462 402 503 Corporis
418 462 510 502 igitur
526 463 618 493 nostri
633 470 742 504 partes,
757 471 879 505 totaque
895 464 992 503 figura
1004 469 1032 493 et
1044 463 1105 493 for-

217 517 270 537 ma
286 512 315 536 et
330 511 454 541 statura,
476 516 570 546 quam
585 513 656 546 apta
671 507 709 536 ad
725 514 864 537 naturam
888 507 936 543 sit,
960 512 1104 547 apparet:

218 560 318 590 neque
334 554 377 578 est
392 548 532 585 dubium,
550 549 625 588 quin
645 548 739 586 frons,
761 549 851 586 oculi,
873 559 970 586 aures,
990 555 1019 579 et
1037 549 1107 578 reli-

219 603 289 634 quae
304 597 415 632 partes,
432 591 536 631 quales
556 592 685 632 propi-ize
705 599 774 621 sunt
793 592 936 627 hominis,
955 592 1106 631 intelliga-

220 641 279 665 tur.
305 634 364 665 Sed
380 640 458 664 certe
473 644 548 674 opus
564 640 607 663 est
622 645 656 664 ea
671 635 780 672 valere,
797 640 826 664 et
841 634 950 674 vigere,
968 640 996 664 et
1018 640 1108 664 natu-

220 679 297 708 rales
312 683 413 706 motus
428 687 560 716 ususque
575 677 695 715 habere,
709 683 744 707 ut
755 687 808 708 nec
818 677 895 707 absit
907 677 981 718 quid
991 687 1108 713 eorum,

220 731 277 751 nec
292 730 406 760 aegmm
424 719 653 750 debilitatumve
673 721 729 750 sit:
754 720 785 749 id
809 720 889 750 enini
910 726 1019 750 natura
1033 720 1110 749 desi-

221 764 316 793 derat.
344 763 402 792 Est
424 763 513 792 etiam
535 763 611 793 actio
631 763 770 804 quaedam
791 763 931 803 corporis,
954 773 1023 804 quae
1045 773 1111 792 mo-

224 814 274 836 tus
299 812 328 836 et
349 811 443 835 status
466 811 582 835 naturae
603 811 800 846 congruentes
823 812 926 841 tenet3
950 806 981 835 in
1001 806 1112 846 quibus

224 850 250 879 si
265 854 404 890 peccetur
424 848 598 879 distortione
613 855 642 879 et
660 849 872 889 depravatione
893 849 1038 889 quadam,
1059 854 1111 878 aut

224 898 311 922 motu
328 897 444 921 statuve
459 891 599 929 deformi,
616 898 661 929 ut,
681 892 706 921 si
727 898 779 922 aut
800 892 941 921 manibus
963 891 1114 931 ingredia-

224 941 276 965 tur
300 935 379 976 quis,
404 940 456 964 aut
476 944 536 964 non
558 940 638 971 ante,
656 934 707 965 sed
729 941 827 969 retro;
852 934 956 974 fugere
972 935 1061 974 plane
1083 945 1114 964 se

224 978 301 1019 ipse,
318 984 358 1014 et,
374 977 530 1007 hominem
546 988 583 1007 ex
593 978 717 1007 homine
729 988 852 1013 exuens,
866 983 1006 1007 naturam
1019 976 1116 1007 odisse

226 1021 373 1051 videatur.
406 1019 617 1057 Quamobrem
642 1021 733 1050 etiam
754 1020 896 1050 sessiones
916 1020 1068 1060 quaedam,
1086 1025 1117 1050 et

226 1064 299 1094 flexi
313 1063 460 1104 fractique
475 1069 586 1100 motus,
603 1064 708 1103 quales
722 1069 931 1104 protervorum
954 1063 1116 1092 hominum

228 1113 282 1137 aut
300 1106 441 1136 mollium
462 1116 524 1136 esse
545 1107 651 1145 solent,
674 1112 777 1136 contra
795 1112 935 1136 naturam
955 1111 1044 1135 sunt:
1070 1111 1115 1143 ut,

228 1150 320 1179 etiam
336 1149 361 1178 si
375 1149 470 1178 animi
486 1149 558 1179 vitio
573 1149 604 1178 id
621 1150 749 1187 eveniat,
766 1155 868 1180 tamen
884 1149 915 1178 in
929 1159 1049 1189 corpore
1059 1149 1118 1178 im-

228 1192 343 1222 mutari
358 1192 489 1222 hominis
505 1198 614 1222 natura
628 1193 774 1222 videatur.
800 1193 920 1232 Itaque,
931 1202 947 1222 e
958 1192 1118 1228 contrario,

228 1234 377 1265 moderati
393 1235 615 1276 aequabilesque
629 1235 762 1273 habitus,
780 1235 961 1273 affectiones,
985 1245 1120 1275 ususque

231 1278 375 1318 corporis,
393 1284 464 1318 apta
479 1288 540 1308 esse
556 1278 594 1308 ad
610 1284 750 1308 naturam
766 1278 914 1308 videntur.

275 1321 351 1351 Jam
367 1331 435 1350 vero
451 1321 572 1351 animus
587 1331 648 1351 non
669 1332 731 1351 esse
753 1322 864 1358 solum,
887 1320 938 1351 sed
956 1320 1045 1351 etiam
1069 1331 1121 1350 cu-

231 1364 355 1404 jusdam
370 1364 454 1393 modi
469 1364 558 1394 debet
574 1375 646 1400 esse,
662 1370 698 1394 ut
718 1370 747 1394 et
767 1374 871 1394 omnes
892 1370 991 1404 partes
1010 1364 1121 1393 habeat

231 1407 411 1444 incolumes,
437 1412 466 1436 et
491 1407 529 1437 de
552 1407 714 1437 virtutibus
740 1407 826 1436 nulla
850 1407 935 1437 desit.
970 1406 1071 1446 Atqui
1089 1407 1121 1436 in

233 1450 371 1480 sensibus
387 1455 430 1479 est
449 1460 503 1479 sua
523 1451 670 1490 cujusque
690 1450 795 1486 virtus,
817 1456 852 1480 ut
872 1460 910 1479 ne
931 1449 1005 1489 quid
1026 1450 1123 1490 impe-

233 1493 309 1530 diat,
326 1492 489 1533 quominus
505 1503 559 1522 suo
575 1503 678 1523 sensus
693 1493 823 1533 quisque
837 1503 962 1522 munere
978 1492 1124 1532 fungatur

234 1536 267 1566 in
287 1536 322 1566 iis
346 1537 435 1565 rebus
454 1535 587 1566 celeriter
605 1536 804 1577 expediteque
824 1535 1032 1577 percipiendis,
1055 1546 1124 1576 quae

236 1579 379 1617 subjectae
395 1584 465 1608 sunt
481 1579 625 1609 sensibus.

280 1621 381 1651 XIII.
415 1621 526 1651 Animi
546 1629 661 1659 autem,
684 1628 713 1652 et
734 1623 799 1662 ejus
819 1622 913 1651 animi
940 1621 1032 1661 partis
1057 1632 1126 1661 quae

237 1664 376 1705 princeps
395 1670 449 1701 est,
467 1675 596 1705 quaeque
619 1676 704 1696 mens
725 1665 910 1702 nominatur,
934 1665 1036 1705 plures
1057 1670 1127 1693 sunt

238 1707 374 1744 virtutes,
392 1707 442 1737 sed
459 1707 519 1737 duo
535 1708 633 1748 prima
648 1719 777 1749 genera;
803 1718 900 1738 unum
920 1717 1036 1741 earum,
1058 1717 1127 1747 quae

240 1751 456 1792 ingenerantur
471 1751 578 1793 suapte
593 1752 714 1791 natura,
730 1752 983 1794 appellanturque
999 1760 1059 1781 non
1076 1760 1127 1779 vo-
