1180 1935
280 330 341 371 M.
369 328 562 371 TULLII
598 328 922 380 CICERONIS,

570 438 620 460 DE

173 503 559 574 NATURA
612 523 1016 581 DEORUM,

573 640 621 662 AD

432 715 488 752 M.
518 713 758 757 BRUTUM,

380 805 542 838 LIBER
573 807 814 839 TERTIUS.

529 938 675 969 -φ-

202 1057 228 1086 Ι.
248 1055 340 1093 QUAE
352 1065 422 1086 cum
434 1055 550 1085 Balbus
561 1055 696 1092 dixisset,
713 1059 779 1084 tum
791 1054 924 1084 arridens
935 1052 1036 1091 Cotta,

158 1099 243 1137 Sero,
259 1099 369 1146 iuquit,
386 1098 473 1136 mihi,
490 1098 598 1136 Balbe,
614 1097 761 1138 praecipis,
778 1097 852 1137 quid
867 1096 1037 1126 defendam.

158 1141 227 1181 Ego
243 1141 336 1179 enim,
352 1147 381 1171 te
399 1141 582 1181 disputante,
598 1140 672 1181 quid
692 1146 794 1170 eontra
813 1139 953 1176 dicerem,
974 1149 1039 1169 me-

157 1194 229 1214 cum
243 1184 306 1224 ipse
321 1183 499 1231 meditabar,
516 1193 613 1223 neque
628 1189 690 1213 tam
706 1182 861 1213 refellendi
877 1182 922 1211 tui
937 1182 1038 1219 causa,

157 1236 252 1267 quam
267 1237 312 1263 ea,
330 1237 398 1267 quae
409 1226 511 1255 minus
523 1225 739 1265 intelligebam,
752 1224 932 1265 requirendi.
957 1224 1037 1254 Cum

158 1274 261 1300 autem
276 1279 330 1299 suo
344 1269 454 1308 cuique
466 1268 579 1307 judicio
595 1268 632 1298 sit
646 1268 806 1306 utendum,
822 1267 942 1297 difficile
957 1267 1039 1297 factu

158 1317 213 1348 est,
230 1321 279 1341 me
294 1311 324 1340 id
340 1311 459 1347 sentire5
476 1310 557 1351 quod
572 1316 606 1340 tu
621 1311 703 1341 velis.

203 1354 267 1384 Hic
281 1354 428 1391 Velleius,
446 1353 563 1391 Nescis,
579 1353 691 1393 inquit,
708 1351 823 1393 quanta
838 1362 907 1383 cum
920 1362 1041 1393 exspec-

159 1396 282 1435 tatione,
308 1396 408 1435 Cotta,
435 1396 492 1426 sim
519 1402 547 1426 te
573 1395 752 1426 auditurus:
784 1395 936 1434 jucundus
958 1395 1040 1425 enim

160 1440 259 1470 Balbo
284 1444 384 1469 nostro
414 1449 511 1469 sermo
540 1444 610 1468 tuus
639 1444 742 1469 contra
771 1438 941 1478 Epicurum
970 1437 1037 1467 fuit.

162 1483 307 1512 Praebebo
331 1482 424 1521 igitur
449 1491 499 1511 me
524 1481 580 1510 tibi
604 1481 734 1511 vicissim
760 1487 909 1510 attentum
938 1486 1041 1512 contra

159 1525 275 1555 Stoicos
295 1525 482 1555 auditorem.
511 1534 596 1564 spero
618 1523 710 1561 enim,
734 1529 763 1554 te
786 1526 833 1557 (ut
853 1523 941 1560 soles)
964 1524 1040 1553 bene

160 1573 299 1609 paratum
316 1567 425 1597 venire.

203 1610 288 1640 Tum
305 1609 405 1646 Cotta,
421 1609 498 1647 Sim,
517 1608 697 1646 mehercule,
718 1608 828 1649 inquit,
845 1608 963 1639 Vellei:
987 1616 1040 1637 ne-

159 1663 220 1695 que
235 1653 316 1683 enim
332 1652 407 1682 mihi
423 1663 476 1692 par
490 1652 565 1681 ratio
586 1662 655 1682 cum
676 1651 795 1682 Lucilio
815 1657 869 1688 est,
886 1661 920 1681 ac
939 1656 1039 1680 tecum

160 1696 228 1726 fuit.
260 1695 325 1733 Qui
346 1695 492 1725 tandem?
516 1694 615 1735 inquit
634 1694 695 1724 ille.
727 1693 811 1731 Quia
829 1693 905 1723 mihi
925 1693 1043 1723 videtur

160 1738 310 1781 Epicurus
331 1743 426 1768 vester
445 1737 483 1768 de
503 1736 571 1768 Diis
591 1737 813 1768 immortalibus
833 1746 893 1767 non
914 1745 1041 1777 magno-

1170 146 1180 421 „ssffl—-aem—es
