1226 1935
188 85 227 115 14
307 82 369 115 DE
393 83 590 123 FINIBUS‚
615 83 694 115 LIB.
712 84 777 116 ΙΙΙ.
801 83 884 116 CAP.
901 84 955 117 10.

183 180 202 200 a
217 170 315 211 primo
326 170 486 200 rectissime
498 170 615 201 dicitur.
640 170 801 212 Quidquid
817 172 897 202 enirn
910 183 928 202 a
940 172 1073 213 sapiente

183 213 390 253 proficiscitur,
415 213 445 243 id
467 214 608 243 continuo
633 213 721 243 debet
744 215 899 254 expletum
925 226 986 246 esse
1007 226 1073 246 om-

184 255 273 286 nibus
289 256 349 286 suis
361 256 506 297 partibus.
532 257 569 286 In
586 267 619 286 eo
635 257 716 286 enim
732 257 865 297 positum
877 265 920 287 est
931 258 974 295 id,
991 259 1073 299 quod

183 298 312 329 dicimus
336 310 397 329 esse
422 299 634 339 expetendum.
669 300 763 337 Nam,
786 306 820 330 ut
839 307 993 340 peccatum
1017 308 1071 339 est,

183 342 312 382 patriam
335 342 470 383 prodere,
492 348 628 382 parentes
651 342 771 379 violare,
797 343 867 373 fana
891 343 1072 384 depeculari,

184 395 253 424 qnae
273 391 343 414 sunt
364 385 395 414 in
417 385 543 420 effectu:
568 385 609 415 sic
629 385 745 422 timere,
767 385 808 416 sic
826 396 960 423 moerere,
984 387 1071 417 sicin

182 427 308 457 libidine
324 438 396 464 esse,
419 434 574 468 peccatum
591 434 644 465 est,
662 428 752 458 etiam
774 428 837 458 sine
858 428 974 459 effectu.
1010 430 1072 459 Ve-

184 480 264 506 rum,
289 477 323 500 ut
343 471 407 500 haec
427 481 487 500 non
508 471 539 500 in
560 471 684 511 posteris
706 477 734 501 et
755 471 786 500 in
808 472 1071 512 consequentibus,

184 513 235 542 sed
259 513 290 542 in
316 513 422 554 primis
448 513 590 543 continuo
612 519 732 554 peccata
756 520 845 548 sunt;
872 514 912 543 sic
935 525 979 551 ea,
1004 526 1074 555 quae

183 555 412 596 proficiscuntur
428 567 446 586 a
461 557 581 591 virtute,
599 556 785 596 susceptione
802 557 913 598 primii,
930 567 990 586 non
1006 568 1075 598 per-

183 598 321 636 fectione,
339 606 418 629 recta
433 605 503 629 sunt
515 598 687 638 judicanda.

227 641 268 671 X.
294 643 418 671 Bonum
445 648 558 678 autem,
587 641 669 682 quod
692 642 723 671 in
746 642 804 672 hoc
828 652 964 673 sermone
987 643 1074 674 toties

183 691 365 725 usurpatum
382 691 435 721 est,
460 685 490 714 id
507 685 597 714 etiam
614 684 786 714 definitione
802 685 976 725 explicetur.
1015 686 1075 716 Sed

184 738 288 757 eorum
310 727 498 757 definitiones
521 726 682 768 [paulum]
707 727 818 768 oppido
838 728 916 758 inter
938 739 968 758 se
988 729 1075 759 (liffe-

183 777 265 808 runt,
291 777 319 800 et
335 776 437 800 tamen
452 770 557 800 eodem
573 777 717 810 spectant.
755 770 824 810 Ego
839 771 982 801 assentior
998 772 1075 802 Dio-

183 813 265 853 geni,
290 813 343 854 qui
359 815 473 843 bonum
489 813 616 849 definiit,
642 813 690 849 Id,
708 813 789 854 quod
805 819 880 843 esset
896 815 1004 844 natura
1020 816 1074 845 ab·

184 857 328 886 solutum.
364 856 401 886 Id
416 862 518 886 autem
535 866 672 896 sequens,
696 856 773 885 illud
789 856 880 886 etiam
901 857 982 897 quod
1004 869 1073 898 pro-

184 899 280 929 desset
301 901 457 934 (αφελημα
479 899 561 929 enim
582 899 622 929 sic
643 899 855 939 appellemus),
878 906 997 930 motum
1020 907 1074 930 aut

183 948 296 972 statum
313 952 374 971 esse
389 941 477 978 dixit,
501 942 610 971 natura
631 942 768 972 absoluti.
808 942 950 982 Cumque
972 953 1074 973 rerum

183 984 318 1014 notiones
334 984 365 1014 in
381 984 490 1014 animis
506 985 591 1021 fiant,
609 985 632 1015 si
648 990 701 1014 aut
716 995 772 1014 usu
790 985 905 1025 aliquid
918 986 1074 1024 cognitum

183 1027 232 1064 sit,
250 1034 302 1057 aut
317 1028 537 1067 conjunctione,
554 1033 607 1057 aut
622 1027 831 1063 similitudine,
848 1034 901 1057 aut
916 1029 1075 1059 collatione

183 1070 326 1106 rationis3
350 1071 407 1100 hoc
434 1077 552 1111 quarto,
576 1071 658 1111 quod
685 1077 855 1100 extremum
878 1071 977 1111 posui,
1002 1071 1074 1101 boni

182 1113 288 1142 notitia
304 1113 382 1143 facta
398 1119 450 1143 est.
487 1114 567 1143 Cum
584 1113 676 1149 enim,
699 1115 736 1143 ab
752 1113 788 1143 iis
803 1115 892 1143 rebus
914 1124 982 1153 quae
1003 1120 1074 1144 sunt

182 1155 350 1186 secundum
366 1163 518 1193 naturam,
540 1156 693 1186 adscendit
717 1156 837 1186 animus
852 1156 1010 1187 collatione
1026 1168 1074 1187 ra-

183 1198 282 1235 tionis,
301 1205 367 1228 tum
383 1199 422 1229 ad
438 1201 591 1229 notionem
607 1199 678 1229 boni
693 1199 837 1239 pervenit.

227 1242 296 1271 Hoc
312 1248 413 1272 autem
430 1242 530 1282 ipsum
547 1243 674 1279 bonum,
696 1252 756 1271 non
775 1241 951 1279 accessione,
974 1252 1074 1283 neque

183 1284 351 1322 crescendo,
374 1291 427 1314 aut
442 1296 512 1315 cum
528 1284 640 1315 caeteris
655 1285 869 1325 comparando,
886 1285 936 1314 sed
952 1286 1076 1326 propria

183 1327 213 1357 vi
229 1327 294 1363 suit,
311 1333 340 1357 et
356 1327 512 1365 sentimus,
531 1334 560 1357 et
575 1328 764 1368 appellamus
776 1329 901 1358 bonum.
936 1328 979 1358 Ut
992 1329 1074 1359 enim

182 1370 256 1407 mel,
280 1370 334 1400 etsi
350 1371 559 1400 dulcissimum
576 1376 630 1406 est,
647 1381 701 1400 suo
717 1377 818 1400 tamen
831 1370 952 1411 proprio
966 1381 1076 1411 genere

183 1413 306 1453 saporis,
331 1423 391 1443 non
408 1413 629 1454 comparatione
644 1424 714 1443 cum
731 1414 807 1450 aliis,
826 1414 914 1443 dulce
929 1424 990 1443 esse
1006 1424 1074 1444 sen-

184 1456 277 1491 titur;
302 1456 343 1486 sic
359 1457 475 1486 bonum
491 1457 558 1493 hoc,
582 1456 619 1486 de
635 1467 695 1496 quo
711 1456 840 1496 agimus,
858 1462 901 1486 est
917 1456 994 1486 illud
1006 1457 1075 1497 qui-

184 1498 253 1528 dem
270 1499 394 1539 plurimi
411 1499 644 1534 aestimandum3
669 1499 720 1529 sed
741 1509 775 1529 ea
791 1499 949 1529 aestimatio
965 1509 1074 1539 genere

184 1541 273 1577 valet,
291 1552 350 1571 non
366 1542 584 1582 magnitudine.
619 1542 649 1572 N
653 1553 714 1577 am,
731 1552 801 1572 cum
818 1542 975 1572 aestimatio
992 1545 1075 1583 (quae

185 1585 251 1624 αξιοι
264 1584 385 1621 dicitur)
398 1595 496 1625 neque
511 1585 542 1614 in
559 1585 645 1614 bonis
660 1591 817 1615 numerata
830 1585 878 1622 sit,
895 1595 993 1625 neque
1009 1595 1076 1614 rur-

184 1637 235 1656 sus
249 1627 280 1656 in
295 1627 402 1662 malis,
427 1634 711 1668 quantumcumque
732 1638 765 1658 eo
781 1627 941 1663 addideris,
966 1628 997 1656 in
1020 1638 1075 1657 suo

184 1679 292 1709 genere
316 1670 458 1700 manebit.
491 1671 566 1700 Alia
587 1677 629 1700 est
654 1671 746 1711 igitur
770 1671 891 1711 propria
916 1670 1075 1700 aestimatio

185 1712 314 1749 virtutis,
328 1724 397 1753 quae
412 1724 531 1753 genere,
548 1724 608 1743 non
624 1714 792 1750 crescendo,
810 1714 898 1744 valet.
923 1714 954 1743 N
958 1723 990 1743 ec
1005 1723 1076 1743 vero

185 1756 423 1796 perturbationes
447 1756 632 1796 animorum,
655 1768 725 1799 quae
750 1756 844 1788 vitam
866 1756 1076 1799 insipientium
