1226 1935
217 80 259 110 38
361 78 422 111 DE
446 79 644 118 FINIBUS,
662 79 741 112 1113.
755 79 815 112 IV.
831 79 916 112 CAP.
933 80 964 111 8.

214 165 314 206 primo
335 166 511 207 simpliciter
531 165 687 203 collocata,
703 166 821 208 reliqua
842 166 982 197 subtilius
1003 175 1104 206 perse-

215 219 351 249 quentes,
377 210 507 250 corporis
528 211 608 240 bona
632 209 752 240 facilem
768 209 934 251 quamdam
956 210 1104 239 rationem

214 253 324 283 habere
339 254 507 282 censebant.
537 252 587 282 De
602 252 696 282 animi
712 252 798 282 bonis
813 252 980 282 accuratius
996 251 1103 291 exqui-

214 297 339 330 rebant3
363 296 393 324 in
410 294 575 335 primisque
590 295 788 334 reperiebant,
801 295 833 324 in
845 294 891 324 his
907 295 1002 325 inesse
1014 293 1104 333 justi-

213 338 264 368 tiae
273 339 400 368 semina:
410 337 561 377 primique
571 347 609 366 ex
619 337 760 367 omnibus
771 337 957 378 philosophis
967 349 984 367 a
993 336 1103 367 natura

213 381 362 411 tributum
378 390 439 410 esse
454 379 631 417 docuerunt,
648 385 683 409 ut
707 380 740 417 ii,
758 380 810 420 qui
826 381 971 420 procreati
993 384 1102 417 essent,

212 434 231 454 a
250 423 488 464 procreatoribus
504 427 689 459 amarentur,
707 428 736 452 et
752 423 808 460 (id,
830 422 912 463 quod
928 429 1101 463 temporum

212 467 317 497 ordine
332 465 486 506 antiquius
502 471 560 503 est)
571 470 606 495 ut
620 466 763 505 conjugia
778 466 911 495 virorum
928 472 957 496 et
969 475 1102 495 uxorum

212 509 321 539 natura
330 509 496 557 'conjuncta
510 519 572 538 esse
587 508 739 543 dicerent;
764 509 826 548 qua
838 519 874 538 ex
887 509 979 557 stirpe
990 508 1103 538 oriren-

211 558 262 582 tur
276 551 416 582 amicitiae
431 551 655 599 cognationum.
688 551 795 591 Atque
810 552 848 581 ab
864 550 911 581 his
926 551 1018 580 initiis
1034 560 1104 591 pro-

213 595 293 633 fecti,
307 595 445 625 omnium
459 586 607 624 Virtutum
621 599 650 623 et
661 594 808 634 originem
821 600 850 623 et
862 593 1101 634 progressionem

211 637 359 679 persecuti
384 643 473 667 sunt:
507 647 545 666 ex
571 647 633 677 quo
658 637 839 676 magnitudo
863 647 985 677 quoque
1007 636 1102 666 animi

211 681 383 717 exsistebat,
415 680 477 720 qua
503 679 589 709 facile
618 686 717 719 posset
746 680 908 720 repugnari
938 679 1103 720 obsistique

211 724 351 759 fortunae,
369 723 451 763 quod
465 723 611 752 maximae
631 733 676 752 res
698 729 794 753 essent
814 723 844 752 in
862 729 1008 763 potestate
1023 723 1103 763 sapi-

212 766 297 796 entis.
332 765 501 796 Varietates
526 771 627 795 autem
652 766 838 806 injuriasque
862 765 992 796 fortunae
1015 765 1104 796 facile

212 815 347 839 veterum
362 809 613 849 philosophorum
623 809 778 849 praeceptis
790 809 928 839 instituta
939 809 1000 839 vita
1015 819 1104 850 supe-

214 853 310 882 rabat.

257 895 418 935 Principiis
446 900 548 925 autem
579 905 597 924 a
629 895 739 925 natur&⁴
768 895 855 931 datis,
887 894 1104 935 amplitudines

211 938 352 978 quaedam
376 939 526 967 bonorum
547 938 766 974 excitabantur,
783 938 895 978 partim
921 939 1062 978 profectae
1082 949 1101 968 a

214 981 466 1021 contemplatione
481 991 581 1010 rerum
597 981 806 1015 occultiorum„
820 981 901 1021 quod
918 988 980 1011 erat
995 981 1104 1011 insitus

212 1023 307 1053 menti
323 1023 500 1063 cognitionis
516 1034 612 1061 amor,
630 1034 666 1053 ex
683 1034 744 1064 quo
760 1024 850 1053 etiam
867 1024 990 1054 rationis
1006 1024 1104 1064 expli-

212 1066 315 1096 candae
330 1066 554 1107 disserendique
569 1067 717 1107 cupiditas
730 1069 988 1107 consequebatur:
1007 1067 1104 1107 quod-

211 1119 271 1148 que
286 1109 342 1139 hoc
358 1109 456 1138 solum
469 1110 582 1139 animal
598 1116 705 1139 natum
721 1116 764 1139 est
779 1110 902 1150 pudoris
914 1120 948 1140 ac
960 1119 1104 1140 verecun-

211 1151 269 1181 diae
284 1152 442 1192 particeps,
460 1158 664 1192 appetensque
679 1153 921 1192 conjunctionem
942 1153 1103 1182 hominum

212 1205 247 1224 ac
269 1195 451 1231 societatem,
469 1195 781 1235 animadvertensque,
798 1196 829 1225 in
853 1196 994 1225 omnibus
1015 1197 1106 1225 rebus

212 1248 288 1278 quas
303 1243 404 1277 ageret
419 1243 472 1267 aut
487 1238 607 1274 diceret,
624 1239 738 1279 nequid
758 1240 796 1268 ab
813 1249 847 1268 eo
863 1239 957 1274 fieret,
975 1238 1032 1268 nisi
1048 1239 1104 1268 ho-

210 1286 295 1311 neste
317 1286 346 1310 et
366 1280 490 1316 decore3
515 1281 562 1310 his
577 1281 680 1318 initiis,
697 1288 731 1311 ut
753 1287 822 1311 ante
845 1281 920 1317 dixi,
944 1287 1102 1322 tamquam

211 1323 388 1361 seminibus,
416 1334 434 1353 a
460 1324 569 1353 natura
593 1324 681 1361 datis,
710 1324 919 1364 temperantia,
942 1324 1102 1363 modestia,

207 1366 337 1405 justitia,
355 1371 384 1396 et
399 1366 497 1396 omnis
512 1367 663 1403 honestas,
680 1367 809 1407 perfecte
824 1367 962 1397 absoluta
976 1373 1029 1397 est.

255 1409 354 1439 VIII.
380 1408 494 1445 Habes,
517 1409 656 1450 inquam,
674 1410 760 1447 Cato,
783 1410 912 1440 formam
933 1420 1049 1447 eorum,
1067 1410 1105 1441 de

210 1451 322 1492 quibus
343 1452 461 1492 loquor,
483 1452 752 1493 philosophorum:
778 1454 839 1493 qua
861 1453 1008 1493 exposita,
1031 1454 1104 1484 scire

212 1494 312 1535 cupio,
329 1505 399 1535 quae
410 1505 499 1524 causa
514 1496 562 1533 sit,
580 1506 632 1525 cur
649 1496 731 1526 Zeno
747 1498 785 1526 ab
801 1496 856 1526 hac
872 1496 998 1536 antiqua
1018 1496 1105 1526 insti-

213 1537 328 1567 tutione
352 1537 527 1573 desciverit3
552 1539 699 1578 quidnam
723 1538 833 1568 horum
858 1540 896 1569 ab
923 1549 958 1568 eo
982 1549 1042 1569 non
1067 1539 1106 1569 sit

211 1582 382 1620 probatum.
412 1580 544 1618 Quodne
559 1591 681 1611 omnem
698 1588 838 1611 naturam
855 1582 1102 1612 conservatricem

212 1623 259 1653 sui
274 1623 428 1653 dixerint?
450 1633 488 1653 an
506 1624 587 1664 quod
602 1634 693 1654 omne
708 1625 821 1654 animal
836 1625 937 1665 ipsum
954 1625 1009 1654 sibi
1022 1635 1096 1655 com-

212 1666 401 1702 mendatum,
424 1672 459 1696 ut
483 1677 513 1696 se
536 1673 565 1697 et
583 1667 700 1697 salvum
722 1668 752 1697 in
772 1678 826 1697 suo
846 1678 965 1707 genere,
988 1667 1104 1698 incolu-

211 1718 332 1749 meque,
345 1709 435 1739 vellet
444 1709 459 1738 ⁴?
482 1720 533 1747 an,
544 1720 613 1740 cum
626 1711 764 1740 omnium
778 1711 889 1741 artium
899 1711 967 1741 finis
979 1710 1004 1741 is
1014 1717 1100 1748 esset,

207 1751 281 1792 quid
296 1757 405 1784 natura
420 1753 555 1785 maxime
568 1760 726 1794 quaereret,
741 1754 822 1786 idern
838 1754 930 1786 statui
944 1753 1053 1786 debere
1062 1753 1101 1784 de
