1180 1935
194 63 256 95 DE
278 63 388 95 NAT.
406 64 542 95 DEOR.
560 63 639 95 Lm.
658 64 703 96 ΙΙ.
728 64 811 96 CAP.
832 67 880 98 10.
926 66 991 103 347

97 150 179 182 enim
199 151 300 181 ullum
315 161 377 181 esse
392 151 494 182 cibum
516 156 579 181 tam
600 161 735 191 gravem,
757 152 831 193 quin
851 153 877 182 is
896 153 945 184 die
960 159 990 184 et

95 200 183 225 nocte
198 199 420 235 concoquatur:
445 195 531 233 cujus
547 194 637 224 etiam
653 194 684 224 in
700 195 835 236 reliquiis
847 196 923 226 inest
939 207 988 227 ca-

95 237 142 268 lor
165 237 212 275 iis,
241 248 317 278 quas
339 242 448 267 natura
471 237 626 277 respuerit·
658 237 733 267 Jam
757 248 826 269 vero
849 249 933 270 venae
957 246 987 270 et

94 280 211 310 arteriae
234 280 346 310 micare
368 290 428 310 non
453 279 605 317 desinunt,
627 280 714 321 quasi
737 281 871 321 quodam
897 283 987 323 igneo

93 329 199 353 motu:
228 323 534 364 animadversumque
560 333 638 364 saepe
664 330 719 359 est,
747 334 817 354 cum
845 335 894 354 cor
920 326 986 356 ani-

90 366 203 396 mantis
218 366 347 406 alicujus
367 366 506 397 evulsum
525 366 568 396 ita
582 366 735 397 mobiliter
754 367 928 407 palpitaret,
949 374 985 399 ut

90 408 260 439 imitaretur
282 409 403 450 igneam
426 409 618 439 celeritatem.
656 409 760 439 Omne
784 410 878 450 igitur
901 412 985 451 quod

90 452 176 490 vivit,
200 452 262 482 sive
282 452 396 482 animal
411 452 472 482 sive
488 452 566 482 terra
582 452 710 489 editum,
727 452 759 482 id
774 453 847 483 vivit
862 460 985 494 propter

88 494 242 525 inclusum
256 496 287 525 in
303 505 338 525 eo
353 495 492 525 calorem.
516 494 568 525 Ex
584 506 645 536 quo
656 495 786 536 intelligi
801 496 901 534 debet,
915 507 983 527 eam

88 538 195 569 caloris
209 545 350 568 naturam
370 539 432 569 vim
449 538 559 568 habere
578 538 610 568 in
632 549 663 568 se
683 538 819 577 vitalem,
842 550 896 580 per
916 550 983 570 om-

84 591 157 614 nem
172 581 324 612 numdum
340 582 551 622 pertinentem.

129 624 237 665 Atque
251 624 282 654 id
297 625 415 655 facilius
427 634 595 661 cernemus,
612 630 675 655 toto
687 635 796 665 genere
810 625 868 655 hoc
880 625 981 666 igneo,

85 668 170 709 quod
184 674 284 698 tranat
294 668 408 705 omnia,
422 667 562 697 subtilius
574 668 732 708 explicato.
758 668 876 698 Omnes
888 669 982 709 igitur

84 717 184 752 partes
199 711 309 741 mundi
324 713 461 751 (tangam
478 717 580 740 autem
596 711 760 747 maximas)
777 712 874 742 calore
894 712 982 743 fultae

85 754 290 785 sustinentur:
308 754 391 795 quod
405 754 540 794 primum
556 754 587 783 in
600 754 718 784 terrena
730 755 839 784 natura
851 756 980 796 perspici

83 803 190 838 potest.
224 797 308 827 Nam
330 804 359 827 et
378 797 517 838 lapidum
541 797 682 827 conflictu
703 804 795 838 atque
814 797 888 828 tritu
912 799 980 829 elici

82 841 187 882 ignem
202 839 360 876 videmus3
385 846 425 877 et,
442 840 553 870 recenti
567 840 707 877 fossione,

211 901 234 918 ‘⁶
250 906 361 930 terram
375 899 494 929 fumare
509 899 658 929 calentem
668 899 703 936 ;''

81 976 173 1012 atque
188 971 279 1002 etiam
300 982 338 1002 ex
355 970 454 1012 puteis
467 971 592 1011 jugibus
608 980 720 1011 aquam
737 970 866 1001 calidam
882 971 974 1009 trahi,

82 1021 113 1045 et
126 1014 158 1044 id
173 1015 308 1044 maxime
322 1014 455 1045 hibernis
470 1014 534 1044 fleri
550 1014 747 1055 temporibus,
765 1014 847 1055 quod
862 1025 976 1055 magna

80 1057 127 1088 vis
147 1058 252 1088 caloris
272 1063 358 1088 terrae
378 1057 512 1088 cavernis
527 1057 735 1092 commeatum
760 1068 855 1098 eaque
875 1058 977 1089 hieme

80 1100 119 1131 sit
133 1100 272 1137 densior3
289 1102 328 1131 ob
344 1111 472 1141 eamque
488 1111 621 1139 causam,
638 1100 768 1131 calorem
783 1100 909 1131 insitum
928 1100 976 1141 [in

80 1144 182 1185 terris]
200 1144 350 1174 cont‘meat
364 1144 483 1174 arctius.

124 1187 166 1217 X.
192 1187 301 1228 Longa
320 1193 364 1218 est
383 1187 489 1225 oratio,
512 1188 680 1228 multaeque
697 1187 838 1225 rationes,
863 1188 976 1228 quibus

80 1230 181 1260 doceri
206 1230 311 1271 possit,
334 1230 448 1267 omnia,
473 1241 542 1271 quae
567 1237 646 1260 terra
672 1230 820 1271 concipiat
845 1231 973 1269 semina,

82 1283 213 1322 quaeque
232 1274 308 1314 ipsa,
332 1284 370 1304 ex
390 1284 421 1304 se
439 1281 592 1314 generata,
616 1274 759 1322 stirpibus
783 1273 879 1304 infixa
903 1285 974 1304 con-

79 1316 185 1353 tineat,
202 1327 248 1355 ea,
264 1317 482 1365 temperatione
496 1317 613 1354 caloris,
630 1323 659 1347 et
675 1317 745 1347 oriri
760 1323 789 1347 et
804 1328 972 1357 augescere.

77 1359 186 1400 Atque
199 1370 288 1401 aquae
307 1361 399 1390 etiam
414 1360 586 1390 admixtum
596 1371 658 1390 esse
679 1360 821 1397 calorem,
837 1361 973 1401 primum

78 1402 143 1444 ipse
162 1403 273 1444 liquor,
296 1409 365 1433 tum
380 1414 468 1444 aquae
483 1403 615 1434 declarat
634 1403 760 1439 effus-im
785 1414 854 1444 quae
873 1413 974 1444 neque

77 1446 276 1486 conglaciaret
300 1446 474 1487 frigoribus,
498 1456 596 1488 neque
618 1447 687 1476 nive
708 1457 881 1487 pruinaque
902 1457 973 1477 con-

77 1494 229 1527 cresceret,
252 1489 310 1519 nisi
325 1490 430 1520 eadem
447 1500 488 1528 se,
500 1490 637 1520 admixto
652 1490 750 1519 calore
765 1489 928 1530 liquefacta
944 1496 974 1520 et

76 1532 204 1573 dilapsa,
221 1532 412 1563 diffunderet.
442 1533 551 1574 Itaque
566 1539 594 1563 et
608 1532 818 1573 Aquilonibus
833 1533 972 1573 reliquis-

77 1585 138 1617 que
151 1575 314 1616 frigoribus
329 1575 464 1615 adjectis,
481 1576 610 1606 durescit
625 1576 757 1611 humor3
783 1583 812 1606 et
827 1576 909 1605 idem
926 1576 970 1605 vi-

75 1618 174 1648 cissim
190 1618 328 1649 mollitur
348 1619 524 1660 tepefactus,
547 1626 576 1649 et
591 1619 715 1649 tabescit
731 1620 837 1649 calore.
861 1619 970 1659 Atque

75 1661 166 1691 etiam
185 1662 283 1692 maria
301 1662 415 1703 agitata
434 1663 531 1693 ventis
546 1663 588 1693 ita
603 1668 770 1703 tepescunt,
791 1668 825 1692 ut
840 1661 969 1702 intelligi

73 1703 161 1735 facile
181 1704 285 1745 possit,
306 1705 339 1735 in
359 1705 451 1736 tantis
468 1705 528 1736 illis
543 1706 724 1736 humoribus
738 1705 890 1735 inclusum
907 1715 970 1735 esse

73 1747 212 1779 calorem.
252 1748 283 1778 N
287 1758 319 1779 ec
340 1749 421 1779 enim
437 1749 489 1779 ille
504 1754 647 1780 externus
662 1755 691 1780 et
706 1748 892 1779 adventicius
914 1747 967 1778 ha-
