1226 1935
233 121 272 152 10
367 120 430 152 DE
454 120 652 161 FINIBUS,
670 121 749 153 Lm.
769 121 835 153 111.
852 122 936 154 GAP.
950 123 981 159 7.

231 217 302 237 rum
327 208 484 245 ultimum,
506 214 663 249 propterea
680 208 763 249 quod
782 218 843 239 non
864 209 941 239 inest
961 209 993 238 in
1015 207 1121 249 primis

231 256 348 280 naturae
375 252 632 281 conciliationibus
662 252 787 282 honesta
813 252 911 282 actio:
937 262 1121 292 consequens

232 293 314 323 enim
330 300 385 331 est,
403 300 431 324 et
446 300 513 334 post
525 294 630 331 oritur,
642 302 677 324 ut
691 295 763 324 dixi.
788 295 845 325 Est
856 301 956 324 tamen
970 306 1004 325 ea
1016 304 1122 325 secun-

230 335 306 366 dum
323 343 482 367 naturam·
474 360 483 373 ,
508 338 666 378 multoque
678 347 731 367 nos
744 337 782 367 ad
798 349 828 368 se
843 338 1042 379 expetendam
1055 347 1120 366 ma-

229 379 276 419 gis
306 379 453 417 hortatur,
480 390 573 420 quam
598 380 750 420 superlora
773 381 884 410 onmia.
923 380 982 411 Sed
1007 391 1044 410 ex
1065 379 1122 410 hoc

231 421 367 462 primum
384 434 464 453 error
481 423 631 453 tollendus
646 430 700 460 est,
723 433 760 453 ne
775 423 843 464 quis
858 424 942 464 sequi
959 423 1120 460 existimet,

231 471 266 494 ut
281 465 341 494 duo
357 465 417 495 sint
433 466 541 495 ultima
556 467 713 496 bonorum.
745 466 788 496 Ut
804 467 897 503 enim,
911 467 935 496 si
946 466 994 496 cui
1005 466 1042 495 sit
1054 475 1123 505 pro-

231 507 376 548 positum,
394 509 547 538 collimare
563 509 680 539 hastam
692 509 806 549 aliquo,
820 514 872 539 aut
882 509 1035 549 sagittam,
1047 508 1124 537 sicut

231 560 286 580 nos
302 551 447 581 ultimum
463 551 494 581 in
511 552 596 581 bonis
611 552 766 587 diximus;
793 551 850 590 [sic
865 552 926 592 illi]
944 552 1039 581 facere
1057 561 1124 580 om-

232 593 293 630 nia,
311 604 380 633 quae
395 594 497 634 possit,
522 601 556 624 ut
577 595 729 630 collimet;
755 594 836 631 huic,
853 594 883 623 in
901 595 965 633 ejus
982 593 1124 623 similitu-

231 636 312 672 dine,
330 637 432 666 omnia
448 637 507 667 sint
522 637 669 675 facienda,
687 644 721 667 ut
741 637 893 672 colliniet3
919 644 948 666 et
966 642 1068 666 tamen
1090 641 1124 665 ut

231 679 335 709 onmia
358 680 458 715 faciat,
480 690 541 720 quo
561 680 749 720 propositum
773 685 968 720 assequatur:
994 679 1031 709 sit
1055 679 1122 715 hoc,

230 722 318 761 quasi
335 723 490 758 ultimum,
508 723 598 763 quale
619 733 672 752 nos
694 733 850 752 summum
871 722 902 752 in
925 722 986 752 vita
1008 723 1124 751 bonum

232 764 383 794 dicimus:
408 765 486 794 illud
509 772 622 803 autem,
640 772 674 795 ut
696 765 794 803 feriat,
817 765 903 806 quasi
921 764 1122 805 seligendum,

231 816 294 837 nou
311 808 525 848 expetendum.

277 850 355 880 V11.
381 851 462 880 Cum
479 857 580 881 autem
596 851 698 881 omnia
707 851 830 881 officiaa
840 850 994 891 principiis
1008 856 1123 879 naturae

232 893 470 934 proficiscantur,
487 895 525 923 ab
546 893 652 924 iisdem
674 904 792 924 necesse
808 900 851 923 est
866 893 1011 934 proficisci
1027 893 1124 933 ipsam

233 936 420 975 sapientiam.
455 937 514 966 Sed
534 937 793 977 quemadmodum
809 947 887 976 saepe
904 936 947 971 fit,
964 942 999 965 ut
1014 935 1049 972 is,
1071 935 1125 975 qui

232 979 461 1008 commendatus
477 979 514 1008 sit
535 979 636 1016 alicui,
659 980 753 1020 pluris
777 989 846 1009 eum
863 979 963 1015 faciat,
980 978 1028 1008 cui
1044 988 1126 1007 com-

233 1021 393 1051 mendatus
417 1022 465 1059 sit,
489 1033 582 1062 quam
609 1023 710 1060 illurn,
735 1033 752 1051 τὶ
774 1033 835 1062 quo
858 1022 917 1056 sitt,
943 1022 984 1051 sic
999 1020 1126 1050 minime

234 1063 347 1093 mirum
371 1071 425 1101 est,
450 1065 548 1105 primo
564 1075 617 1095 nos
633 1065 786 1105 sapientiae
801 1064 1006 1095 commendari
1023 1064 1060 1093 ab
1079 1063 1126 1092 in-

233 1106 294 1136 itiis
310 1113 437 1143 naturae,
454 1114 521 1147 post
533 1114 635 1137 autem
646 1108 742 1148 ipsam
760 1108 936 1148 sapientiam
950 1107 1035 1136 nobis
1051 1106 1125 1136 cari-

235 1160 317 1179 orem
334 1150 408 1186 fieri,
431 1161 524 1190 quam
540 1150 592 1180 illa
612 1151 682 1188 sint,
700 1161 718 1180 a
737 1150 848 1190 quibus
865 1150 902 1179 ad
918 1150 996 1179 hanc
1012 1149 1127 1179 veneri-

234 1203 312 1222 mus.
338 1193 455 1232 Atque,
478 1199 512 1222 ut
528 1194 665 1223 membra
684 1194 768 1223 nobis
787 1193 829 1222 ita
850 1193 920 1222 data
940 1199 1020 1229 sunt,
1038 1198 1072 1222 ut
1088 1192 1126 1221 ad

233 1235 400 1275 quamdam
416 1236 562 1265 rationem
579 1236 698 1266 vivendi
714 1236 784 1265 data
799 1246 860 1266 esse
875 1241 1060 1276 appareant·
1052 1258 1060 1270 ,
1086 1235 1128 1264 sic

235 1278 379 1318 appetitio
400 1278 494 1308 animi
516 1282 598 1319 (quae
619 1282 689 1318 ὁρμη
715 1280 820 1309 Graece
843 1285 977 1315 vocatur)
1006 1288 1065 1307 non
1088 1277 1127 1307 ad

235 1320 363 1361 quodvis
385 1331 480 1360 genus
502 1321 581 1358 vitae,
609 1321 660 1351 sed
681 1322 719 1351 ad
744 1321 909 1362 quamdam
934 1321 1063 1351 formam
1083 1320 1128 1350 vi-

235 1363 336 1400 vendi,
365 1363 482 1394 videtur
501 1364 591 1394 data:
616 1365 750 1405 itemque
777 1371 806 1395 et
831 1364 917 1402 ratio,
941 1370 970 1394 et
996 1364 1128 1404 perfecta

236 1406 321 1435 ratio.

280 1449 324 1479 Ut
339 1449 420 1479 enim
435 1449 572 1479 histrioni
588 1449 676 1486 actio,
694 1450 827 1480 saltatori
844 1455 954 1486 motus,
975 1459 1035 1479 non
1058 1449 1127 1490 qui-

237 1491 293 1528 vis,
318 1492 369 1521 sed
392 1498 489 1522 certus
512 1492 649 1533 quidam,
666 1499 710 1522 est
731 1493 840 1527 datusz
865 1493 906 1523 sic
929 1492 989 1522 vita
1012 1491 1128 1532 agenda

237 1541 280 1564 est
295 1541 374 1565 certo
389 1545 497 1574 genere
512 1535 657 1576 quodam,
674 1545 733 1565 non
754 1536 907 1576 quolibet:
933 1535 1014 1576 quod
1033 1545 1128 1575 genus

237 1577 426 1614 conveniens,
459 1584 752 1619 consentaneumque
778 1578 915 1608 dicimus.
955 1579 1022 1608 Nec
1046 1577 1127 1607 enim

237 1620 449 1659 gubernationi
466 1627 517 1650 aut
536 1621 693 1651 medicinae
713 1621 843 1651 similem
868 1621 1045 1662 sapientiam
1067 1630 1129 1650 esse

238 1663 431 1699 arbitramur,
450 1663 499 1693 sed
515 1664 623 1693 actioni
639 1664 683 1693 illi
699 1664 809 1704 potius,
832 1675 925 1705 quam
947 1663 1037 1693 niodo
1052 1663 1127 1700 dixi,

239 1711 268 1735 et
283 1706 444 1743 saltationi,
461 1712 495 1736 ut
510 1707 541 1736 in
557 1707 622 1747 ips-:2
645 1714 707 1737 arte
723 1707 803 1743 insit,
826 1717 886 1737 non
908 1707 979 1736 foris
997 1712 1128 1747 petatur,

240 1754 424 1785 extremum,
446 1748 477 1778 id
500 1754 554 1786 est,
571 1749 642 1779 artis
658 1750 780 1780 effectio.
806 1750 847 1780 Et
862 1756 963 1780 tamen
980 1754 1024 1780 est
1038 1749 1129 1779 etiam

239 1791 299 1822 alia
324 1801 396 1823 cum
418 1792 465 1824 his
487 1792 560 1835 ipsis
579 1793 694 1824 artibus
714 1793 868 1834 sapientiae
891 1792 1129 1828 dissimilitudo;
