1226 1935
281 26 342 59 DE
366 27 565 67 FINIBUS,
583 27 661 59 Lm.
679 27 719 59 V.
737 26 821 58 CAP.
842 28 889 58 15.
987 27 1023 58 81

141 118 197 148 ret,
217 114 267 144 sed
286 114 433 145 animalis.
468 115 561 153 Quod
582 115 607 145 si
627 124 687 144 non
708 125 811 144 sensus
831 113 922 144 modo
943 113 970 144 ei
990 114 1029 143 sit

141 155 239 193 datus,
258 167 361 187 verum
378 158 468 187 etiam
484 158 603 187 animus
619 157 761 194 hominis,
779 167 838 187 non
855 167 972 186 necesse
985 163 1029 186 est

141 204 170 227 et
190 199 243 229 illa
266 200 392 240 pristina
413 211 546 236 manere,
564 207 598 230 ut
617 200 753 231 tuenda?
789 206 828 236 et,
852 199 929 229 inter
950 200 1025 236 haec,

141 241 239 271 multo
255 253 316 273 esse
331 243 454 280 cariora,
472 254 541 284 quae
556 243 754 274 accesserint?
779 243 934 283 animique
949 242 1028 282 opti-

140 294 223 314 mam
240 296 393 326 quamque
408 292 523 327 partem
540 287 722 316 carissimam
735 288 748 316 :³
772 286 802 315 in
817 286 912 326 eaque
924 285 1027 325 exple-

142 326 221 357 tione
237 334 352 358 naturae
363 329 476 359 summi
488 329 559 359 boni
572 329 661 359 {inem
675 329 842 365 consistere,
857 338 925 358 cum
938 328 1029 367 longe

141 370 336 411 multumque
353 378 472 412 praestet
487 382 572 402 mens
588 379 679 412 atque
696 372 795 402 ratio?
820 372 868 401 Sic
885 377 914 401 et
929 379 1027 400 extre-

138 422 225 442 mum
242 415 379 444 omnium
393 415 642 455 appetendorum„
656 414 778 455 [atque]
790 414 917 444 ductum
933 424 950 443 a
965 413 1027 453 pri-

139 455 190 484 ma
206 457 466 487 commendatione
482 464 608 494 natura*⁷
625 458 729 487 multis
745 457 887 497 gradibus
903 456 1026 486 adscen-

138 498 193 535 dit,
211 506 245 529 ut
261 500 299 529 ad
311 511 467 530 summum
484 501 671 542 perveniret;
697 500 778 540 quod
794 500 967 530 cumulatur
988 509 1026 529 ex

138 541 308 581 integritate
324 544 465 584 corporis,
479 550 507 574 et
523 554 559 574 ex
576 544 685 573 mentis
701 543 815 573 ratione
830 542 971 583 perfecta.

179 584 253 615 XV.
278 587 359 616 Cum
375 587 467 627 igitur
482 598 517 617 ea
532 587 580 623 sit,
597 597 690 627 quam
706 586 843 627 exposui,
857 586 955 615 forma
970 595 1024 615 na-

135 632 233 662 turae3
258 629 293 665 si,
317 632 364 663 (ut
384 630 470 660 initio
486 630 563 665 dixi)
580 630 671 659 simul
686 636 777 670 atque
792 636 875 659 ortus
891 634 976 665 esset,
994 639 1025 658 se

135 670 264 711 quisque
284 679 483 712 cognosceret,
504 673 698 712 judicareque
716 678 826 712 posset,
849 683 917 712 quae
936 671 979 701 vis
995 677 1024 701 et

134 713 225 743 totius
247 721 321 744 esset
337 722 454 745 natm-ze
469 722 498 745 et
514 715 645 756 partium
663 715 864 755 singularum,
881 715 1024 745 continuo

134 755 256 794 videret,
282 757 356 798 quid
383 764 458 788 esset
481 758 548 795 hoc,
577 758 659 798 qued
683 758 859 799 quaerimus,
883 757 1023 787 omnium

134 809 246 836 rerum,
264 811 339 840 quas
355 801 535 841 expetimus,
554 811 709 830 summum
727 807 755 830 et
778 801 944 836 ultimum3
969 811 1024 830 nec

133 842 197 871 ulla
213 843 243 872 in
260 853 290 873 re
302 854 423 884 peccare
433 850 540 884 posset.
566 844 660 874 Nunc
673 854 741 873 vero
757 854 775 873 a
789 843 888 884 primo
898 842 1022 883 quidem

132 885 309 916 mirabiliter
330 887 448 917 occulta
468 893 576 917 natura
598 893 659 922 σείς
684 896 738 916 nec
753 886 880 926 perspici
896 896 950 916 nec
974 896 1022 916 co-

131 928 233 967 gnosci
249 935 354 969 potest.
392 930 657 970 progredientibus
673 936 775 959 autem
791 929 941 965 aetatibus,
955 939 1022 958 sen-

131 970 199 1007 sim,
217 971 336 1002 tardeve
356 973 456 1013 potius
473 973 559 1013 quasi
583 979 701 1003 nosmet
721 972 778 1013 ipsi
802 972 1019 1012 cognoscimus.

133 1014 241 1054 Itaque
256 1015 308 1044 illa
323 1016 421 1055 prima
437 1016 668 1053 commendatio,
686 1026 754 1056 quae
770 1026 788 1045 a
803 1015 911 1044 natura
926 1015 1021 1045 nostri

131 1055 210 1086 facta
233 1064 287 1094 est,
308 1058 394 1088 nobis
418 1060 544 1089 obscura
567 1065 596 1089 et
619 1059 731 1089 incerta
755 1064 817 1088 est.-
842 1058 1020 1098 primusque

129 1100 279 1139 appetitus
303 1101 353 1131 ifle
371 1102 465 1131 animi
485 1108 604 1132 tantum
626 1102 699 1142 agit,
716 1108 750 1131 ut
768 1101 843 1131 salvi
861 1106 952 1141 atque
973 1102 1020 1130 in-

130 1143 205 1182 tegri
221 1154 282 1173 esse
297 1144 456 1184 possimus.
481 1145 562 1175 Cum
578 1151 681 1174 autem
697 1144 841 1184 dispicere
861 1144 1018 1184 coepimus,

128 1192 157 1214 et
167 1186 286 1224 sentire,
298 1187 371 1227 quid
382 1188 487 1223 simus7
499 1194 528 1217 et
537 1188 611 1228 quid
622 1187 827 1217 animantibus
839 1187 951 1217 caeteris
961 1187 1020 1216 dif-

127 1227 270 1265 feramus,
284 1236 350 1259 tum
367 1241 402 1260 ea
414 1231 498 1271 sequi
509 1231 681 1271 incipimus,
693 1230 732 1260 ad
748 1241 816 1270 quae
828 1230 892 1260 nati
902 1240 1017 1260 sumus.

171 1272 275 1308 Quam
291 1273 521 1304 similitudinem
538 1274 675 1304 videmus
692 1274 722 1303 in
739 1273 851 1309 bestiis,
869 1283 938 1313 quae
956 1273 1018 1313 pri-

128 1324 189 1350 mo7
204 1315 234 1344 in
251 1326 312 1356 quo
327 1316 392 1346 loco
408 1323 486 1347 natae
502 1323 583 1353 sunt,
597 1327 634 1346 ex
647 1327 680 1346 eo
691 1326 791 1346 senon
803 1322 1015 1346 commovent:

126 1357 233 1387 deinde
249 1368 303 1388 suo
319 1370 447 1400 quzeque
458 1360 593 1400 appetitu
604 1365 751 1389 movetur.
775 1361 899 1400 Ser-pere
909 1359 1018 1398 augui-

126 1400 220 1437 culos,
234 1411 304 1431 nare
320 1403 495 1439 anaticulas,
513 1403 629 1432 evolare
644 1402 786 1439 merulas,
808 1402 948 1432 cornibus
972 1402 1017 1431 uti

127 1443 263 1473 videmus
278 1445 378 1481 boves,
396 1455 487 1485 nepas
503 1446 632 1476 aculeis:
658 1455 744 1475 suam
761 1445 891 1485 denique
906 1445 1016 1485 cuique

126 1491 266 1516 naturam
288 1498 349 1517 esse
364 1488 402 1517 ad
418 1489 582 1518 vivendum
604 1488 721 1518 ducem.
747 1489 827 1524 Quae
848 1487 1017 1517 similitudo

125 1528 157 1557 in
173 1539 281 1568 genere
296 1530 387 1560 etiam
403 1531 538 1561 humano
554 1538 687 1572 apparet.
715 1531 804 1560 Parvi
820 1531 900 1560 enim
914 1530 1015 1570 primo

125 1577 193 1600 ortu
218 1573 258 1602 sic
280 1573 391 1611 jacent,
416 1580 574 1615 tamquam
594 1574 719 1603 omuino
739 1574 802 1603 sine
823 1574 925 1603 animo
945 1573 1014 1602 siut.

126 1614 208 1643 Cum
233 1622 335 1645 autem
356 1617 483 1656 paulum
507 1617 657 1647 firmitatis
681 1617 844 1653 accesserit,
862 1622 891 1646 et
912 1616 1015 1645 animo

125 1663 254 1687 utuntur
269 1664 298 1688 et
309 1659 463 1690 sensibus:
487 1660 755 1700 connitunturque,
767 1665 802 1689 ut
813 1670 875 1689 sese
885 1659 1013 1698 erigant„

123 1705 152 1729 et
167 1700 307 1732 manibus
322 1708 466 1740 utantur3
492 1708 520 1733 et
536 1713 585 1735 eos
595 1708 772 1743 agnoscunt,
787 1713 804 1734 a
817 1703 928 1744 quibus
939 1701 1014 1732 edu-
