1180 1935
139 75 201 107 DE
218 74 326 107 NAT.
343 73 481 106 DEOR.
494 73 573 106 Lm.
590 73 639 106 11.
656 74 739 106 CAP.
755 75 808 107 39.
852 75 918 112 373

28 167 108 193 ratos
130 161 396 202 immutabilesque
425 171 549 198 cursus3
575 160 640 192 haec
669 172 740 192 cum
766 161 914 198 viderent,

26 205 158 247 profecto
173 211 202 235 et
223 215 285 235 esse
307 204 400 242 Deos,
425 210 454 235 et
477 203 542 235 haec
561 209 647 234 tanta
664 215 755 246 opera
778 204 917 235 Deorum

28 257 100 284 esse,
117 247 367 278 arbitrarentur.”

70 289 271 322 XXXVIII.
295 290 402 331 Atque
416 290 481 320 haec
499 289 623 330 quidem
640 290 700 320 ille.
730 289 797 320 Nos
812 296 915 321 autem

27 335 164 365 tenebras
178 333 345 374 cogitemus
366 338 475 370 tantas,
498 338 621 374 quantae
646 333 800 374 quondam
828 344 918 374 erup-

26 377 108 408 tione
121 375 332 407 AEtnaeorum'
324 375 444 416 ignium
460 375 604 406 finitimas
619 376 754 416 regiones
777 376 919 406 obscura-

27 420 103 451 visse
117 419 270 457 dicuntur,
286 424 322 448 ut
336 429 390 459 per
404 418 535 449 biduum
548 428 640 449 nemo
655 419 811 449 hominem
826 418 920 449 homo

28 468 219 511 agnosceret·
244 471 315 492 cum
330 467 433 492 autem
448 461 535 491 tertio
550 461 598 491 die
616 462 660 492 sol
674 462 835 499 illuxisset,
851 467 918 491 tum

25 511 61 536 ut
80 504 223 536 revixisse
245 504 303 535 sibi
324 504 505 535 viderentur.
529 503 623 542 Quod
644 505 668 535 si
694 505 752 535 hoe
771 504 853 534 idem
878 515 917 535 ex

24 548 142 579 aeternis
154 547 284 578 tenebris
299 547 496 587 contingeret,
512 552 548 577 ut
563 547 662 578 subito
672 548 772 578 lucem
783 547 917 588 adspice-

24 601 146 627 remus;
171 600 313 632 quaenam
336 590 448 631 species
475 590 540 620 coeli
562 590 713 621 videretur
726 592 740 621 Ρ
764 590 824 620 Sed
844 591 918 621 assi-

23 634 140 665 duitate
154 633 332 682 quotidiana
346 639 376 663 et
390 632 606 664 consuetudine
626 634 784 664 oculorum
800 644 916 664 assues·

22 684 97 708 cunt
125 676 242 707 animi.
277 685 376 718 neque
399 676 599 714 admirantur,
625 686 724 717 neque
757 677 916 716 requirunt

23 721 152 750 rationes
168 729 272 750 earum
287 729 400 755 rerum,
417 729 493 760 quas
512 729 629 760 semper
644 719 767 755 vident;
791 719 918 760 proinde

22 763 110 804 quasi
125 763 241 793 novitas
255 772 310 793 nos
324 762 422 803 magis
444 772 538 803 quam
553 762 733 803 magnitudo
747 772 849 792 rerum
864 763 917 793 de-

22 807 93 838 beat
107 806 146 836 ad
161 805 362 846 exquirendas
374 815 477 836 causas
490 805 628 836 excitare.

67 849 147 887 Quis
162 849 244 880 enim
261 848 343 879 hunc
361 848 517 879 hominem
537 848 658 886 dixerit,
671 849 737 890 qui,
761 859 832 879 cum
852 855 915 879 tam

26 898 121 924 certos
142 891 207 922 coeli
224 898 336 929 motus,
353 897 416 922 tam
432 897 510 922 ratos
525 898 674 922 astrorum
689 892 819 930 ordines,
837 897 915 922 tam-

26 946 87 977 que
100 935 204 966 onmia
218 935 296 965 inter
310 945 341 965 se
363 945 499 965 connexa
514 940 543 965 et
558 940 629 975 apta
644 934 762 971 viderit,
779 941 868 975 neget
883 936 915 965 in

26 979 74 1009 his
95 979 192 1009 ullam
218 978 314 1008 inesse
332 978 500 1014 rationem3
525 988 620 1018 eaque
640 988 710 1008 casu
734 978 800 1008 fieri
822 978 912 1016 dicat,

23 1033 93 1063 quae
107 1027 221 1063 quanto
235 1020 359 1052 consilio
373 1027 527 1062 gerantur,
550 1021 636 1051 nuno
659 1021 782 1051 consilio
797 1021 915 1062 assequi

26 1075 188 1105 possumus
201 1066 215 1095 ?
246 1064 313 1101 An,
329 1074 400 1094 cum
414 1063 637 1094 machinatione
652 1064 786 1105 quadam
801 1065 916 1095 moveri

28 1107 144 1149 aliquid
159 1107 307 1143 videmus,
326 1113 362 1137 ut
376 1107 537 1148 sphaeram,
553 1112 589 1137 ut
608 1107 707 1146 horas,
723 1113 759 1137 ut
774 1107 834 1138 alia
847 1118 915 1148 per-

27 1151 145 1186 multa;
170 1160 230 1180 non
246 1150 432 1188 dubitamus,
449 1150 524 1191 quin
536 1150 590 1180 ina
600 1160 690 1191 opera
702 1150 762 1181 sint
770 1150 914 1186 rationis;

26 1204 97 1225 cum
118 1200 221 1224 autem
239 1193 389 1234 impetum
410 1193 476 1224 coeli
495 1193 667 1223 admirabili
682 1203 752 1223 cum
767 1194 917 1224 celeritate

27 1237 141 1267 moveri
164 1236 300 1277 vertique
319 1237 485 1274 videamus,
502 1236 740 1267 constantissime
756 1237 915 1267 conficien-

30 1285 92 1310 tem
107 1280 324 1311 vicissitudines
339 1280 565 1317 anniversarias,
584 1290 654 1310 cum
676 1279 797 1310 summa
818 1280 915 1310 salute

31 1328 62 1353 et
84 1323 306 1353 conservatione
326 1333 428 1353 rerum
450 1323 609 1359 omnium;
634 1323 821 1359 dubitamus,
839 1323 913 1363 quin

29 1376 64 1396 ea
78 1376 138 1396 non
154 1366 252 1396 solum
267 1366 382 1396 ratione
397 1365 482 1405 fiant,
498 1365 549 1396 sed
564 1366 655 1396 etiam
670 1366 828 1397 excellenti
838 1366 915 1407 qua-

26 1409 98 1439 dam
116 1409 279 1450 divinaque
300 1410 439 1440 ratione?
482 1409 569 1440 Licet
592 1409 673 1439 enim
695 1410 772 1449 jam,
797 1409 915 1439 remota

24 1452 189 1482 subtilitate
212 1452 398 1493 disputandi,
414 1452 508 1483 oculis
532 1452 758 1493 quodammodo
780 1458 914 1483 contem-

21 1495 99 1536 plari
114 1495 371 1536 pulchritudinem
386 1506 488 1526 rerum
504 1506 620 1534 earum,
637 1506 713 1537 quas
727 1495 830 1526 divina
845 1505 915 1536 pro-

24 1538 157 1569 videntia
171 1538 299 1569 dicimus
314 1539 499 1569 constitutas.

68 1581 231 1611 XXXIX.
255 1582 305 1612 Ac
328 1582 477 1624 principio
500 1588 579 1612 terra
601 1582 741 1612 universa
762 1586 912 1619 cernatur,

27 1623 124 1654 locata
138 1624 169 1654 in
184 1625 286 1655 media
296 1625 405 1655 mundi
420 1626 499 1662 sede,
516 1625 612 1656 solida
626 1631 656 1656 et
670 1625 805 1665 globosa,
819 1630 848 1655 et
857 1633 915 1654 un-

24 1666 116 1708 dique
138 1667 203 1708 ipsa
226 1668 258 1698 in
278 1678 340 1698 sese
360 1669 484 1699 nutibus
505 1669 565 1699 suis
590 1669 779 1709 conglobata,
806 1667 912 1698 vestita

24 1709 158 1747 floribus,
180 1710 291 1747 herbis,
313 1712 480 1748 arboribus,
505 1711 666 1752 frugibus;
691 1721 823 1753 quorum
845 1720 912 1741 orn-

27 1753 112 1783 nium
133 1753 315 1784 incredibilis
339 1755 504 1787 multitudo
525 1754 688 1786 insatiabili
708 1754 850 1786 varietate
866 1752 912 1784 di·

79 1797 226 1836 (Philas.)
244 1806 326 1829 v0L
346 1807 401 1830 111.
603 1799 624 1828 2
638 1807 660 1828 ι(
