1180 1935
168 42 230 74 DE
253 41 361 74 NAT.
379 40 515 74 DEOR.
533 41 611 73 Lm.
623 42 688 74 ΙΙΙ.
705 42 788 74 CAP-
805 43 835 74 4.
880 43 943 75 403

61 127 94 158 id
106 129 226 169 quaeris,
243 129 378 159 similiter
393 128 476 166 facis,
493 138 527 159 ac
541 128 565 159 si
580 139 629 160 me
645 139 740 169 roges,
759 139 812 160 cur
827 135 857 160 te
871 129 947 159 duo-

62 172 119 201 bus
134 178 274 202 contuear
288 172 392 209 oculis,
405 178 435 202 et
449 181 510 202 non
525 172 617 202 altero
633 178 764 210 tantum,
778 182 849 202 eum
863 172 944 203 idem

63 223 125 245 uno
140 215 258 255 assequi
273 215 395 256 possim.

107 257 166 287 IV.
189 258 273 287 Tum
287 258 386 294 Cotta,
397 257 502 295 Quam
517 257 615 288 simile
629 257 709 288 istud
724 257 773 295 sit,
790 257 900 298 inquit,
914 263 947 288 tu

63 299 181 330 videris.
205 301 289 330 Nam
304 310 359 340 ego
371 310 469 341 neque
484 300 514 329 in
525 300 631 337 causis,
644 300 668 330 si
679 301 752 340 quid
762 306 806 330 est
814 301 946 337 evidens⁷

62 341 101 372 de
124 353 185 383 quo
209 343 286 373 inter
313 353 417 373 omnes
440 343 608 381 conveniat,
635 343 839 383 argumentari
868 344 947 374 soleo

63 385 271 425 (perspicuitas
292 386 372 416 enim
395 386 654 425 argumentatione
680 386 848 422 elevatur);
879 396 946 422 nec,

63 428 89 457 si
108 427 139 458 id
158 428 286 458 facerem
307 429 338 459 in
359 429 455 458 causis
470 429 648 465 forensibus,
667 428 748 458 idem
768 428 895 458 facerem
916 429 948 458 in

63 470 120 500 hac
134 471 299 501 subtilitate
308 472 462 502 sermonis.
485 472 549 501 Cur
558 478 730 502 contuerere
741 477 843 501 autem
856 471 948 501 altero

63 514 161 550 oculo,
178 524 266 544 causa
281 524 342 545 non
357 520 432 544 esset
445 525 454 550 ;
478 524 548 544 cum
564 515 645 544 idem
657 515 780 544 obtutus
795 520 871 544 esset
882 524 947 544 am-

64 556 184 593 borum,
208 564 237 586 et
259 568 329 587 cum
350 567 450 587 rerum
471 563 579 587 natura
599 560 707 598 (quam
728 563 761 587 tu
782 557 948 597 sapientem

64 608 126 629 esse
142 599 198 635 vis)
219 600 280 630 duo
300 600 419 630 lumina
438 601 476 630 ab
497 600 598 630 animo
619 600 658 630 ad
679 600 780 630 oculos
800 599 949 640 perforata

64 650 119 672 nos
133 642 243 672 habere
258 643 407 673 voluisset.
440 642 511 680 Sed,
527 644 600 684 quia
614 653 674 673 non
689 642 870 679 confidebas,
886 648 948 673 tam

63 694 126 715 esse
140 684 171 714 id
187 686 379 726 perspicuum
395 696 487 726 quam
507 692 541 715 tu
557 686 658 723 velles,
674 692 831 726 propterea
844 686 950 716 multis

64 728 249 767 argumentis
275 729 357 758 Deos
380 739 442 759 esse
467 729 571 759 docere
596 728 726 759 voluisti.
761 728 844 758 Mihi
867 729 948 759 enim

64 779 162 800 unum
177 771 247 801 satis
262 777 334 808 erat,
351 772 393 801 ita
409 771 493 802 nobis
513 773 640 811 majores
656 778 770 801 nostros
786 771 950 801 tradidisse.

65 813 124 843 sed
145 819 178 843 tu
194 814 383 844 auctoritates
404 815 580 852 contemnis,
597 815 711 844 ratione
729 824 857 854 pugnas.
890 814 950 844 Pa-

63 861 125 886 tere
139 856 243 896 igitur,
260 857 406 887 rationem
421 867 521 888 meam
537 867 606 888 cum
624 857 677 887 tua
697 857 811 887 ratione
828 863 951 887 conten-

65 898 143 928 dere.
178 900 279 930 Affers
299 900 363 930 haec
383 901 486 931 omnia
506 906 695 941 argumenta,
718 910 770 930 cur
791 900 845 929 Dii
868 900 948 930 sint:

65 951 201 982 remque,
224 943 292 973 mea
315 944 461 973 sententia
483 943 609 973 minime
630 943 766 980 dubiam,
790 953 951 983 argumen-

64 985 156 1014 tando
171 985 296 1015 dubiam
317 986 398 1016 facis.
433 986 582 1016 Mandavi
602 986 683 1016 enim
703 986 867 1023 memoriae,
889 996 950 1016 non

66 1036 230 1058 numerum
245 1029 355 1067 solum,
372 1029 424 1060 sed
439 1029 529 1060 etiam
550 1029 687 1060 ordinem
702 1035 952 1069 argumentorum

67 1075 200 1101 tuorum.

110 1113 250 1144 Primum
272 1114 341 1153 fuit,
358 1115 439 1146 Cum
454 1115 563 1146 coelum
584 1115 833 1156 suspexissemus,
849 1114 952 1145 statim

67 1165 120 1186 nos
136 1157 311 1197 intelligere,
325 1168 386 1188 esse
400 1159 524 1199 aliquod
538 1169 664 1195 numen,
687 1168 748 1199 quo
767 1158 831 1188 haec
846 1168 953 1198 regan-

67 1204 126 1229 tur.
149 1199 201 1230 Ex
216 1200 273 1231 hoc
288 1201 364 1232 illud
380 1202 483 1239 etiam,

110 1260 132 1276 “
148 1259 281 1300 Adspice
302 1260 360 1291 hoc
382 1261 512 1291 sublime
533 1260 675 1298 candens,
698 1270 791 1302 quem
812 1259 954 1290 invocant

236 1313 341 1334 omnes
356 1304 379 1334 J
380 1314 477 1335 ovem
480 1305 501 1318 ”

66 1371 165 1410 Quasi
183 1383 252 1404 vero
272 1373 435 1414 quisquam
455 1374 591 1404 nostrum
611 1373 705 1404 istum
725 1373 836 1414 potius,
859 1382 953 1413 quam

66 1415 286 1456 Capitolinum,
301 1417 413 1447 Jovem
433 1417 584 1457 appellet;
608 1422 661 1446 aut
683 1416 739 1446 hoc
759 1416 953 1456 perspicuum

66 1459 115 1495 sit,
132 1465 305 1500 constetque
319 1459 397 1490 inter
417 1469 532 1497 omnes,
550 1470 598 1489 eos
613 1470 675 1489 esse
690 1459 784 1496 Deos,
801 1469 876 1499 quos
897 1458 952 1487 tibi

67 1501 215 1539 Velleius,
236 1502 386 1543 multique
405 1508 558 1543 praeterea,
574 1512 613 1532 ne
637 1502 806 1532 animantes
827 1501 951 1541 quidem

67 1554 130 1574 esse
144 1545 316 1575 concedant.

111 1586 210 1618 Grave
236 1588 326 1618 etiam
350 1594 564 1628 argumentum
591 1588 646 1618 tibi
668 1587 837 1625 videbatur,
859 1585 954 1623 Quod

66 1629 170 1670 opinio
193 1630 230 1660 de
256 1631 324 1661 Diis
349 1631 571 1662 immortalibus
595 1637 624 1661 et
647 1630 786 1661 omnium
810 1635 897 1665 esset,
924 1635 954 1659 et

67 1672 201 1713 quotidie
215 1680 363 1706 cresceret.
399 1675 503 1706 Placet
517 1674 621 1715 igitur,
637 1680 736 1705 tantas
751 1684 796 1704 res
810 1672 953 1714 opinione
