1180 1935
159 43 221 75 DE
245 43 352 74 NAT.
366 42 502 75 DEOR.
520 43 598 73 Lm.
616 42 682 73 111.
698 41 782 73 CAP.
799 42 850 73 26.
896 42 958 73 423

116 130 202 160 Nam
217 135 252 160 ut
267 139 322 170 ego
336 129 397 160 illis
412 129 613 170 supplicarem
628 129 714 159 tanta
728 128 959 169 blandiloquen-

203 173 244 202 tia
256 173 292 202 ?''

74 233 174 263 Niobe
194 242 341 273 parumne
362 232 530 262 ratiocinari
548 232 676 268 videtur,
701 237 730 261 et
750 231 807 262 sibi
827 231 891 272 ipsa
906 241 958 261 ne-

73 275 180 305 fariam
199 281 313 315 pes-tem
335 275 527 305 machinari?
552 274 636 304 Illud
657 285 725 304 vero
741 284 834 315 quam
850 274 959 304 callida

74 318 187 348 ratione
201 318 208 348 Ξ

116 378 139 394 “
152 376 217 415 Qui
228 377 290 407 volt
304 387 376 411 esse,
393 376 475 417 quod
490 377 572 413 volt3
596 376 638 406 ita
653 375 704 406 dat
719 386 750 407 se
766 386 822 415 res,
839 382 873 407 ut
887 387 958 417 ope-

201 429 266 449 ram
281 419 397 450 dabit.'’

73 488 139 527 Qui
154 495 197 520 est
211 501 312 520 versus
327 490 465 521 omnium
481 490 642 526 seminator
657 490 819 520 malorum.

117 552 140 567 “
158 549 214 580 Ille
229 551 396 622 transversa
410 557 511 581 mente
525 550 603 580 mihi
622 550 712 580 hodie
731 549 853 580 tradidit
873 560 959 590 repa-

256 604 273 623 a
285 604 293 612 .

116 604 241 673 Quibffi
253 616 308 676 eg’o
322 636 399 666 iram
414 646 536 667 omnem
548 635 713 674 recludam,
729 640 820 676 atque
832 635 876 666 illi
891 645 958 676 per-

200 678 308 709 niciem
323 679 422 715 dabo3

114 719 199 752 Mihi
200 731 363 794 ffirgres'
380 722 425 752 illi
440 722 577 759 luctum3
602 721 731 753 exitium
742 720 800 760 illi,
816 721 958 752 exsilium

74 834 164 865 Hanc
184 834 320 865 videlicet
339 835 498 873 rationem,
520 844 614 875 quam
632 844 684 865 vos
698 834 800 864 divino
813 833 960 864 beneficio

74 877 190 907 homini
210 878 308 907 solum
329 878 475 908 tributam
499 878 608 915 dicitis,
630 877 733 907 bestiae
752 887 813 907 non
834 877 957 909 habent.

74 919 207 950 Videsne
226 920 329 960 igitur,
353 928 467 961 quanto
487 931 614 950 munere
637 920 774 950 Deorum
799 920 892 949 simus
913 919 959 949 af-

72 962 167 1011 fecti?
190 963 296 1004 Atque
311 964 416 994 eadem
431 963 555 1003 Medea,
571 969 689 1004 patrem
703 962 894 1004 patriamque
908 961 958 992 fu-

72 1015 168 1046 giens,

117 1088 409 1098 .....................
427 1067 450 1084 “
462 1071 625 1107 postquam
640 1071 725 1106 pater

113 1108 362 1151 Appropinquat,
375 1110 513 1150 jamque,
527 1119 613 1150 paene
627 1115 662 1138 ut
673 1107 956 1149 comprehendatur,

221 1158 285 1182 arat

115 1162 250 1224 Pueriim
262 1175 375 1225 ixiterea
385 1196 555 1235 obtruncat,
565 1196 763 1236 membraque
775 1193 957 1225 articulatim

199 1237 327 1275 dividit3

114 1280 234 1321 Perque
245 1291 331 1321 agros
343 1281 454 1321 passim
466 1280 608 1322 dispergit
620 1291 727 1321 corpus
737 1292 746 1310 ε
759 1280 791 1310 id
803 1280 838 1311 ea
848 1279 956 1321 gratia,

114 1323 170 1360 Ut,
187 1323 262 1353 dum
277 1324 340 1353 nati
356 1323 513 1364 dissipatos
528 1331 610 1354 artus
625 1330 759 1364 captaret
772 1333 892 1364 parens,

115 1365 188 1406 Ipsa
207 1366 320 1414 interea
340 1367 505 1407 effugeret3
528 1367 618 1397 illum
641 1373 676 1397 ut
695 1377 804 1397 moeror
827 1366 958 1396 tardaret

199 1419 229 1439 se
251 1419 283 1439 u1
295 1420 302 1427 ·

114 1451 180 1482 Sibi
194 1420 323 1482 saiiltein
339 1458 373 1483 ut
387 1452 530 1483 familiari
544 1459 661 1493 pareret
675 1452 867 1494 parricidio.”

72 1518 155 1549 Huic
170 1526 204 1550 ut
219 1521 325 1559 scelus,
347 1522 388 1552 sic
407 1532 446 1553 ne
465 1523 540 1553 ratio
561 1523 685 1563 quidem
705 1522 811 1552 defuit.
844 1521 956 1560 Quid?

70 1561 133 1600 ine,
154 1562 286 1594 funestas
307 1565 410 1605 epulas
426 1566 510 1595 fratri
531 1575 719 1606 comparans,
740 1575 840 1596 nonne
860 1570 959 1596 versat

71 1604 132 1635 huc
146 1611 175 1635 et
189 1606 262 1638 illuc
278 1608 455 1648 cogitatione
469 1608 616 1639 rationem
628 1611 643 1639 Ρ

115 1666 138 1682 “
157 1664 262 1738 Melujor
281 1666 357 1697 mihi
374 1667 480 1707 moles,
501 1668 601 1708 majus
620 1667 810 1699 miscendum
828 1673 873 1700 est
890 1678 956 1700 ma-

212 1718 276 1748 um,
