1180 1935
170 58 229 89 DE
247 57 354 90 NAT.
372 56 508 89 DEOR.
533 56 611 88 Lm.
629 56 695 88 111.
708 55 792 88 CAP.
804 56 834 92 7.
879 57 941 87 405

56 143 139 185 quod
153 150 254 175 autem
270 154 387 185 semper
406 154 443 174 ex
464 143 548 174 omni
568 142 733 173 aeternitate
752 152 856 173 verum
877 141 943 172 fue-

56 187 106 223 rit,
123 187 154 217 id
169 198 230 218 esse
244 187 352 217 fatum.
377 186 462 224 Quid
477 186 570 226 igitur
583 187 680 224 juvat,
697 191 750 215 aut
765 185 840 226 quid
855 185 942 216 affert

56 229 94 259 ad
117 229 295 266 cavendum,
320 229 392 259 scire
412 229 528 269 aliquid
548 228 698 265 futurum,
721 238 791 258 cum
813 228 844 258 id
864 234 943 259 certe

54 272 194 303 futurum
209 273 247 303 sit
261 275 274 303 ?
299 272 389 302 Unde
403 282 492 312 porro
507 272 563 301 ista
578 271 723 301 divinatio
737 272 750 300 ?
775 271 842 311 quis
857 271 942 301 inve-

55 315 101 345 nit
126 315 229 345 fissum
251 315 382 354 jecoris?
411 314 480 355 quis
503 313 627 344 cornicis
653 319 776 344 cantum
799 314 941 343 notavit?

55 358 124 398 quis
147 360 264 388 sortes?
288 358 399 399 quibus
425 367 480 397 ego
504 356 607 387 credo:
632 366 686 386 nec
712 366 835 396 possum
861 356 942 386 Attii

56 400 87 430 N
91 411 161 438 avu,
192 411 283 441 quem
309 401 576 436 commemorabas,
603 399 715 428 lituum
742 404 942 429 contemnere.

54 443 125 481 Sed,
142 444 196 484 qui
212 444 268 474 ista
282 444 431 473 intellecta
447 443 517 479 sint,
534 453 551 472 a
574 441 760 482 philosophis
775 441 868 471 debeo
884 441 944 471 dis-

54 496 130 523 cere,
154 487 318 526 praesertim
340 496 410 517 cum
434 465 574 526 plurimis
600 485 637 514 de
663 486 751 515 rebus
774 484 823 514 isti
847 483 941 514 divini

54 529 249 559 mentiantur.
282 532 328 559 At
350 528 460 559 medici
483 538 604 568 quoque
629 527 685 561 (ita
707 527 787 557 enim
809 526 942 564 dicebas)

55 581 134 612 saepe
149 572 306 602 falluntur.
330 571 416 609 Quid
432 571 529 601 simile
544 570 704 607 medicina,
722 571 808 609 cujus
824 580 879 610 ego
894 581 943 600 ra-

54 614 168 644 tionem
180 614 277 653 video,
295 620 323 645 et
338 614 493 651 divinatio,
507 624 576 654 quae
591 613 672 643 unde
682 613 806 650 oriatur,
823 623 883 643 non
896 613 943 642 in-

55 657 157 698 telligo
169 659 183 688 ?
215 657 266 687 Tu
293 664 396 688 autem
422 657 513 687 etiam
540 656 706 686 Deciorum
733 655 943 685 devotionibus

54 700 187 740 placatos
202 700 283 730 Deos
295 711 356 731 esse
372 710 481 731 censes.
505 698 585 737 Quae
600 699 658 729 fuit
671 708 775 730 eorum
788 704 871 728 tanta
885 698 944 728 ini-

54 743 165 783 quitas,
182 748 217 773 ut
230 743 342 784 placari
358 743 470 784 populo
492 742 632 772 Romano
652 752 712 772 non
733 747 865 782 possent,
886 742 943 772 nisi

54 786 111 816 viri
126 786 199 816 tales
214 786 413 817 occidissent?
438 785 607 816 Consilium
627 784 705 814 illud
725 784 943 825 imperatorum

54 828 124 866 fuit,
146 828 228 870 quod
249 829 348 859 Graeci
366 834 560 868 Στρατηχημα
579 828 744 876 appellant,
766 827 817 857 sed
838 837 943 857 eorum

56 871 284 912 imperatorum,
301 872 354 913 qui
374 872 478 912 patriae
498 872 697 908 consulerent,
714 870 783 900 vitae
798 880 858 900 non
874 881 944 911 par..

55 920 164 944 cerent.
194 915 353 945 Rebantur
374 915 454 945 enini
475 914 550 951 fore,
566 919 602 944 ut
616 913 763 944 exercitus
780 913 944 954 imperato-

55 967 131 995 rem,
148 968 226 998 equo
241 958 364 988 incitato
380 968 411 988 se
431 957 462 987 in
482 957 581 987 hostes
600 957 828 994 immittentem,
845 966 945 996 perse-

55 1006 217 1040 queretu13
241 1001 273 1030 id
288 1001 370 1042 quod
386 1000 493 1031 evenit.
523 1000 607 1030 Nam
624 999 723 1029 Fauni
739 1009 843 1029 vocem
858 999 944 1039 equi-

55 1043 125 1073 dem
141 1053 300 1084 nunquam
315 1043 437 1073 audivi:
462 1043 528 1081 tibi,
550 1043 574 1072 si
590 1043 708 1072 audisse
729 1048 759 1072 te
779 1042 863 1081 dicis,
879 1052 943 1072 cre-

55 1086 147 1121 dam;
172 1087 237 1124 etsi,
255 1086 381 1116 Faunus
396 1085 521 1116 omnino
536 1085 611 1126 quid
623 1086 671 1122 sit,
685 1085 794 1115 nescio.

99 1128 178 1159 VII.
202 1129 275 1159 Non
295 1129 388 1169 igitur
403 1128 513 1166 adhuc,
535 1134 685 1169 quantum
706 1128 830 1168 quidem
847 1128 879 1158 in
902 1133 942 1166 te,

54 1171 164 1210 Balbe,
180 1177 235 1210 est,
250 1172 387 1212 intelligo
402 1171 483 1201 Deos
498 1181 581 1207 esse3
605 1181 681 1211 quos
696 1171 837 1211 equidem
857 1171 945 1202 credo

55 1224 139 1250 esse3
164 1214 216 1244 sed
239 1215 316 1245 nihil
341 1214 449 1244 docent
473 1214 575 1245 Stoici.
609 1214 692 1244 Nam
715 1214 887 1251 cleanthes,
909 1220 945 1244 ut

52 1256 182 1293 dicebas,
194 1264 324 1298 quatuor
338 1257 437 1287 modis
451 1257 595 1287 formatas
611 1256 642 1286 in
659 1257 768 1287 animis
782 1257 944 1287 hominum

54 1306 142 1341 putat
158 1299 295 1330 Deorum
310 1311 372 1330 esse
386 1300 532 1330 notiones.
567 1299 656 1330 Unus
671 1300 696 1330 is
711 1299 819 1330 modus
835 1306 889 1338 est,
905 1300 944 1330 de

54 1353 116 1383 quo
128 1343 197 1373 satis
208 1343 284 1381 dixi,
297 1343 350 1383 qui
360 1350 404 1373 est
415 1348 569 1383 susceptus
581 1353 618 1373 ex
634 1344 832 1383 praesensione
841 1353 944 1373 rerum

54 1385 243 1416 futurarum:
261 1386 336 1416 alter
347 1397 384 1416 ex
394 1386 670 1426 perturbationibus
679 1391 904 1426 tempestatum,
916 1391 946 1416 et

53 1428 178 1469 reliquis
189 1429 321 1459 motibus
333 1441 341 1459 :
365 1429 470 1459 tertius
481 1439 518 1458 ex
531 1428 743 1459 commoditate
757 1439 856 1459 rerum
870 1439 946 1469 quas

54 1471 249 1512 percipimus,
270 1478 299 1502 et
321 1471 425 1512 copia:
450 1477 576 1512 quartus
597 1482 634 1502 ex
655 1478 803 1502 astrorum
826 1471 943 1509 ordine,

56 1514 183 1555 coelique
204 1514 381 1545 constantia.
418 1514 468 1544 De
490 1514 690 1555 praesensione
713 1514 856 1544 diximus.
895 1513 945 1545 De

55 1558 331 1598 perturbationibus
347 1557 513 1588 coelestibus
529 1563 557 1586 et
577 1557 739 1587 maritimis
759 1563 789 1587 et
809 1557 944 1596 terrenis,

56 1609 117 1630 non
133 1610 292 1640 possumus
308 1600 414 1635 dicere,
430 1611 500 1630 cum
516 1610 551 1630 ea
566 1600 650 1636 fiant,
668 1610 729 1630 non
741 1610 803 1630 esse
818 1600 943 1638 multos,

57 1643 111 1684 qui
125 1643 178 1673 illa
192 1649 340 1680 metuant,
358 1649 387 1673 et
403 1654 421 1673 a
436 1643 504 1672 Diis
522 1642 745 1673 immortalibus
761 1642 825 1673 fieri
841 1643 944 1673 existi-

56 1691 150 1715 ment.
176 1685 235 1716 Sed
250 1695 310 1716 non
331 1686 362 1716 id
378 1686 533 1726 quaeritur,
551 1686 648 1715 sintne
667 1685 774 1726 aliqui,
791 1686 845 1726 qui
861 1686 945 1716 Deos

56 1739 118 1759 esse
133 1735 259 1770 putent:
285 1728 338 1759 Dii
353 1735 458 1760 utrum
473 1728 543 1767 sint,
560 1738 664 1768 necne,
677 1728 833 1770 quaeritur.
856 1729 941 1760 Nam
