1226 1935
228 94 350 127 TUSC.
368 94 539 134 QUAEST.
558 94 636 124 Lm.
655 94 700 125 ΙΙ.
725 94 807 125 ΟΑΡ.
825 94 876 130 27.
924 96 984 132 179

100 180 222 212 nullum
237 183 275 212 ab
291 181 337 220 iis,
353 181 407 223 qui
421 181 454 212 in
475 180 507 211 id
522 186 672 212 certamen
692 180 883 219 descendant,
905 181 987 213 devi-

102 225 159 255 tari
174 224 307 255 dolorem
319 227 333 255 ?

144 267 242 308 Apud
257 278 332 309 quos
347 273 449 298 autem
462 266 590 298 venandi
600 272 629 297 et
644 266 799 307 equitandi
813 267 879 298 laus
894 267 986 308 viget,

102 311 156 352 qui
171 311 248 340 hanc
262 316 425 351 petessunt‚
444 310 565 340 nullum
580 310 703 350 fugiunt
723 310 866 340 dolorem.
902 311 988 348 Quid

102 354 140 384 de
155 353 261 384 nostris
276 353 503 389 ambitionibus,
516 352 590 393 quid
602 352 638 382 de
650 352 814 394 cupiditate
825 353 988 391 honorum,

101 396 230 437 loquar?
254 396 334 434 Quae
349 396 473 426 flamma
488 402 542 433 est,
556 406 608 436 per
620 406 713 437 quam
728 405 789 425 non
805 397 991 427 cucurrerint

102 440 134 475 ii,
151 439 204 480 qui
219 439 283 469 haec
298 439 371 469 olim
387 439 505 480 punctis
517 439 642 479 singulis
655 438 836 479 colligebant
849 441 863 469 Ρ
880 439 991 480 Itaque

102 493 220 522 semper
229 482 394 512 Africanus
407 481 591 512 Socraticum
604 481 840 522 Xenophontem
850 481 882 511 in
891 482 991 512 mani-

103 526 160 556 bus
175 525 324 560 habebat3
349 526 434 564 cujus
454 525 486 554 in
506 524 612 565 primis
634 524 778 554 laudabat
798 524 885 563 illud,
909 524 992 565 quod

104 568 224 606 diceret,
241 568 359 598 eosdem
375 568 491 598 labores
506 577 566 596 non
588 577 649 597 esse
671 577 755 608 aeque
775 577 880 608 graves
895 568 992 608 impe-

103 610 194 641 ratori
216 616 245 640 et
266 610 367 646 militi,
392 610 473 651 quod
493 610 556 650 ipse
577 609 672 640 honos
693 610 827 640 laborem
849 610 993 642 leviorem

104 653 213 684 faceret
227 653 464 694 imperatorium.

148 696 207 726 Sed
229 702 331 726 tamen
352 696 409 726 hoc
424 695 533 733 evenit,
549 702 584 725 ut
603 696 635 725 in
656 696 766 736 vulgus
786 696 994 737 insipientium

105 739 207 780 opinio
223 740 320 769 valeat
335 739 509 775 honestatis,
526 748 596 768 cum
616 739 714 779 ipsam
730 738 830 769 videre
844 749 904 769 non
925 751 995 781 pos-

105 783 174 812 sint.
208 782 318 822 Itaque
333 781 416 812 fama
430 787 459 811 et
474 781 679 811 multitudinis
692 781 806 820 judicio
821 789 993 822 moventur,

106 835 176 856 cum
192 825 223 854 id
237 825 397 855 honestum
413 830 532 864 putent,
550 824 631 865 qued
647 834 665 854 a
679 824 830 866 plerisque
844 825 995 856 laudetur.

106 868 154 899 Te
169 874 283 904 autem,
300 867 325 897 si
345 867 376 896 in
397 867 490 898 oculis
513 867 551 897 sis
571 867 787 905 multitudinis,
810 873 910 898 tamen
931 870 997 908 ejus

103 911 218 951 judicio
234 916 310 940 stare
325 910 431 947 nolim,
447 919 513 947 nec7
527 910 609 951 quod
620 910 673 940 illa
687 915 784 950 putet,
797 910 876 940 idem
888 917 996 952 putare

106 953 356 995 pulcherrimum.
389 953 460 982 Tuo
475 953 531 983 tibi
543 952 658 992 judicio
673 959 716 983 est
730 953 889 983 utendum.
922 954 997 984 Tibi

108 997 133 1028 si
148 1002 227 1027 recta
242 996 381 1037 probanti
396 996 537 1036 placebis,
555 1001 621 1025 tum
642 1005 702 1025 non
718 996 809 1026 modo
825 1002 858 1026 tu
875 1002 904 1026 te
919 998 998 1028 vice-

108 1040 148 1071 ris
173 1039 268 1080 (quod
288 1039 381 1080 paulo
400 1044 469 1069 ante
489 1039 726 1080 praecipiebam),
752 1038 804 1069 sed
828 1049 943 1078 omnes,
968 1046 998 1071 et

108 1083 221 1114 omnia.

152 1126 222 1156 Hoc
242 1125 335 1166 igitur
354 1125 409 1156 tibi
427 1134 580 1174 propone.
605 1124 837 1165 amplitudinem
861 1131 890 1156 et
910 1126 997 1167 quasi

109 1169 276 1217 quamdam
297 1168 559 1209 exaguerationem
580 1178 673 1209 quam
689 1168 866 1198 altissimam
890 1170 996 1207 animi,

110 1224 180 1254 quae
189 1211 324 1242 maxime
336 1211 448 1241 eminet
459 1211 685 1241 contemnendis
697 1216 726 1241 et
737 1211 933 1252 despiciendis
944 1212 998 1243 do-

110 1256 236 1292 loribus,
252 1265 346 1285 unam
361 1265 423 1285 esse
443 1254 582 1285 omnium
602 1264 665 1284 rem
686 1254 933 1295 pulcherrimam,
950 1266 999 1286 eo-

111 1309 172 1340 que
194 1298 408 1339 pulchriorem,
431 1297 456 1327 si
480 1303 562 1328 vacet
585 1297 709 1338 populo,
736 1307 835 1340 neque
855 1298 1000 1339 plausum

111 1348 246 1382 captam,
263 1351 293 1371 se
308 1346 428 1371 tantum
443 1341 508 1381 ipsa
523 1340 658 1370 delectet.

155 1384 334 1423 Quinetiam
345 1383 421 1413 mihi
436 1383 559 1424 quidem
571 1382 769 1414 laudabiliora
783 1383 924 1414 videntur
934 1395 1000 1415 om.

112 1428 175 1465 nia,
206 1438 275 1469 quae
298 1427 361 1457 sine
386 1425 599 1463 venditatione,
625 1424 667 1456 et‘
683 1426 746 1456 sine
774 1427 888 1475 populo
913 1433 999 1466 teste,

114 1471 211 1501 fiunt·
235 1480 297 1501 non
313 1480 373 1510 quo
388 1469 550 1510 fugiendus
565 1469 604 1499 sit
619 1469 735 1503 (omnia
750 1470 831 1499 enim
845 1470 1002 1502 benefacta

115 1514 147 1544 in
161 1514 229 1544 luce
244 1524 274 1544 se
288 1513 425 1543 collocari
423 1494 579 1549 ζ,νοΙῑιηῆε
604 1512 656 1542 sed
667 1518 769 1543 tamen
780 1513 902 1543 nullum
918 1513 1002 1544 thea-

116 1563 198 1587 trum
214 1556 318 1586 virtuti
333 1555 512 1586 conscientia
525 1556 626 1595 majus
641 1561 694 1585 est.

160 1599 307 1630 XXVII.
323 1599 446 1639 Atque
439 1609 470 1628 m
482 1599 588 1639 primis
598 1598 779 1628 meditemur
793 1598 881 1636 iflud,
894 1604 929 1629 ut
939 1599 1005 1630 haec

117 1642 263 1684 patientia.
278 1642 428 1678 dolorum,
445 1652 538 1682 quam
552 1652 630 1682 saepe
650 1642 715 1681 jam
730 1642 825 1671 animi
840 1642 1005 1674 intentione

117 1686 184 1716 dixi
211 1696 273 1716 esse
296 1685 513 1722 finnandam‚'
505 1695 536 1714 m
551 1685 635 1715 omni
650 1694 757 1725 genere
773 1695 803 1715 se
824 1680 1005 1726 aequabilem

119 1730 259 1770 praebeat.
284 1728 371 1769 Saepe
380 1728 461 1759 enim
475 1728 577 1766 multi,
590 1728 654 1769 qui,
671 1733 724 1758 aut
738 1733 860 1776 propter
875 1728 1007 1759 victoriae

117 1772 329 1814 cupiditatem,
346 1776 398 1804 aut
418 1777 539 1814 propter
553 1771 656 1813 gloriae
676 1774 822 1811 amorem,
844 1776 897 1804 aut
917 1771 1008 1804 etiam
