1226 1935
242 99 366 131 TUSO.
382 99 554 138 QUAEST.
574 100 652 131 Lm.
668 101 694 132 Ι.
708 101 792 132 CAP.
807 102 857 131 12.
936 102 996 131 115

125 185 185 216 His
200 186 352 216 sententiis
368 186 520 225 omnibus,
537 186 612 216 nihil
634 193 700 228 post
721 192 850 217 mortem
865 186 1014 227 pertinere

125 228 165 258 ad
179 239 366 270 quemquam
382 236 497 271 potest:
522 230 633 271 pariter
648 230 729 260 enim
745 240 816 260 cum
834 229 895 259 vit-:1
910 239 1014 259 sensus
1030 239 1033 245 ·

126 271 285 302 amittitur.
319 273 350 302 N
354 283 393 302 on
409 273 562 303 sentientis
578 279 692 309 autem,
709 272 786 302 nihil
801 278 856 309 est,
873 272 969 302 ullam
982 272 1013 301 in

125 320 245 355 partem
266 315 349 355 quod
370 315 494 345 intersit.
528 316 730 356 Reliquorum
754 315 907 345 sententiae
930 325 1015 355 spem

127 357 268 394 afferunt,
285 358 310 388 si
326 364 355 388 te
376 358 451 388 forte
469 359 526 388 hoc
540 358 678 394 delectat,
694 369 780 399 posse
800 358 928 395 animos,
945 367 1016 387 cuni

127 410 144 429 e
159 400 332 441 corporibus
348 401 539 438 excesserint,
556 401 588 431 in
604 401 725 440 coelum,
743 401 830 442 quasi
844 401 876 430 in
892 400 1018 430 domici-

128 442 206 472 lium
222 453 324 481 suum,
341 444 505 484 pervenire.

172 486 319 516 Auditor.
343 486 400 516 Me
421 497 490 517 vero
510 487 655 517 delectat:
680 487 783 528 idque,
807 486 954 527 primum,
975 485 1018 516 ita

129 538 191 559 esse
214 529 325 559 velim:
349 529 468 567 deinde,
491 530 582 560 etiam
608 530 632 560 si
659 540 720 560 non
743 530 791 566 sit,
814 530 890 559 mihi
916 536 1019 559 tamen

128 571 302 611 persuaderi
330 572 431 602 velim.
465 575 607 603 Marcus.
633 573 720 611 Quid
750 573 805 603 tibi
832 582 902 613 ergo
931 571 1021 613 opera

130 615 233 644 nostra
253 625 329 656 opus
350 618 418 646 est?
443 616 531 646 Num
553 616 725 657 eloquentia
750 616 910 646 Platonem
931 625 1021 656 supe-

130 667 196 687 rare
211 668 372 697 possumus
386 660 400 689 ⁴?
423 658 540 689 Evolve
555 659 714 699 diligenter
729 659 794 698 ejus
809 669 879 689 eum
894 658 1020 695 librum,

131 700 185 740 qui
201 706 244 730 est
256 701 293 731 de
305 701 408 731 animo
421 713 429 731 :
454 702 586 742 amplius
598 702 680 743 quod
696 701 853 739 desideres,
866 701 943 731 nihil
955 701 1020 731 erit.

132 743 279 773 Auditor.
304 744 386 781 Feci,
403 744 584 782 mehercule,
607 751 635 775 et
657 744 781 786 quidem
802 744 932 785 saepius:
958 743 1020 780 sed,

133 786 232 816 nescio
253 797 314 827 quo
334 787 437 824 modo,
459 787 534 817 dum
555 788 634 828 lego,
656 788 820 818 assentior:
846 798 916 817 cum
937 787 1025 827 posui

129 828 255 867 librum,
280 835 309 859 et
324 840 444 860 mecum
466 830 530 870 ipse
552 831 589 860 de
604 831 831 860 immortalitate
850 831 1023 860 animorum

134 872 210 912 coepi
225 872 365 912 cogitare,
382 873 512 903 assensio
527 874 625 903 omnis
640 873 693 903 illa
709 874 846 903 elabitur.
880 875 1024 903 ,Mar-cus.

136 913 223 952 Quid
238 915 294 945 hoc
307 917 320 946 Ρ
344 916 436 946 dasne
451 922 504 946 aut
518 926 640 947 manere
656 916 773 946 animos
794 922 861 957 post
882 922 1023 953 mortem,

134 964 188 987 aut
202 964 299 988 morte
314 959 380 999 ipsa
400 959 546 990 interire?
571 960 717 989 Auditor.
742 959 793 989 Do
815 970 894 989 vero.
928 961 1024 989 Mar-

136 1010 198 1030 cus.
225 1001 322 1039 Quid,
340 1002 364 1032 si
379 1004 547 1033 maneant?
571 1003 717 1032 Auditor.
739 1002 851 1032 Beatos
872 1012 934 1032 esse
955 1012 1025 1032 con-

136 1043 217 1074 cedo.
243 1045 386 1075 Marcus.
400 1045 433 1076 si
448 1045 620 1076 intereant?
644 1046 791 1075 Auditor.
809 1046 882 1076 Non
894 1055 956 1076 esse
967 1045 1027 1075 mi-

135 1096 226 1125 seros,
243 1088 389 1127 quoniam
405 1099 443 1118 ne
459 1088 518 1118 sint
533 1088 666 1130 quidem.
698 1089 721 1119 J
724 1099 774 1118 am
794 1088 883 1126 istuc,
900 1089 994 1118 coacti
1008 1099 1027 1118 a

136 1135 176 1167 te,
192 1130 284 1170 paulo
299 1137 369 1161 ante
384 1131 592 1162 concessimus.
617 1133 760 1162 Marcus.
779 1132 851 1169 Quo
863 1131 954 1161 modo
969 1131 1026 1172 igi-

136 1177 198 1211 tur,
214 1179 267 1203 aut
287 1184 350 1211 cur,
368 1181 496 1204 mortem
518 1175 636 1205 malum
657 1175 712 1205 tibi
733 1174 827 1205 videri
848 1174 933 1212 dicis,
956 1185 1025 1215 quae

135 1221 189 1245 aut
204 1217 306 1247 beatos
331 1227 385 1247 nos
406 1217 523 1255 efficiet,
545 1218 655 1248 animis
675 1218 881 1255 manentibus,
897 1223 950 1248 aut
966 1227 1027 1267 non

140 1258 274 1298 miseros,
292 1270 380 1290 sensu
396 1263 555 1291 carentes?

182 1302 262 1332 XII.
279 1303 425 1334 Auditor.
442 1304 574 1345 Expone
588 1304 692 1344 igitur,
709 1304 767 1334 nisi
786 1304 950 1334 molestum
971 1309 1026 1341 est,

137 1345 286 1386 primum,
308 1346 436 1383 animos,
464 1347 488 1377 si
509 1353 603 1388 potes,
620 1357 775 1377 remanere
792 1353 860 1388 post
878 1353 1027 1377 mortem:

138 1394 217 1425 tum,
235 1389 260 1419 si
274 1389 376 1420 minus
392 1390 424 1419 id
438 1390 587 1420 obtinebis
603 1393 660 1424 (est
675 1391 757 1420 enim
773 1390 929 1427 arduum),
943 1390 1030 1420 doce-

137 1431 195 1468 bis,
207 1442 306 1462 carere
315 1433 399 1464 omni
411 1433 492 1464 malo
504 1439 644 1464 mortem.
667 1433 737 1474 Ego
747 1433 828 1463 enim
840 1433 917 1463 istuc
928 1433 1031 1473 ipsum

139 1484 253 1513 vereor,
269 1485 307 1505 ne
321 1476 440 1506 malum
456 1476 504 1513 sit,
521 1486 582 1506 non
597 1477 664 1507 dico
679 1487 778 1508 carere
793 1487 893 1514 sensu,
916 1476 968 1506 sed
983 1487 1032 1506 ca-

140 1517 271 1548 rendum
286 1529 357 1548 esse.
382 1520 525 1550 Marcus.
543 1520 731 1550 Auctoribus
746 1519 871 1560 quidem
887 1519 926 1549 ad
941 1519 1031 1549 istam

140 1561 332 1599 sententiam,
350 1573 443 1602 quam
460 1563 503 1593 vis
519 1563 659 1611 obtineri,
672 1563 718 1592 uti
733 1562 856 1603 optimis
871 1572 1033 1603 possumus

143 1603 262 1644 (quod'
254 1613 287 1633 m
302 1605 443 1635 omnibus
459 1606 555 1636 causis
570 1612 599 1636 et
614 1606 702 1636 debet
717 1612 746 1636 et
761 1606 835 1636 solet
850 1605 948 1635 valere
963 1605 1033 1645 plu-

141 1645 283 1686 rimum),
301 1653 330 1677 et
344 1648 480 1688 primum
495 1649 620 1689 quidem
635 1649 719 1678 omni
734 1648 933 1689 antiquitate;
951 1658 1031 1688 quae,

142 1699 203 1730 quo
224 1690 347 1731 propius
363 1692 466 1721 aberat
485 1693 523 1722 ab
547 1698 615 1722 ortu
632 1697 661 1721 et
676 1691 773 1722 divin-
762 1704 780 1721 ἰ
800 1691 953 1732 progenie,
975 1690 1033 1721 hoc

141 1732 250 1763 melius
267 1744 301 1763 ea
315 1733 449 1771 fortasse,
463 1745 532 1775 quae
547 1740 632 1765 erant
646 1745 727 1772 vera,
743 1736 891 1765 cernebat.

187 1775 296 1817 Itaque
311 1787 408 1807 unum
429 1777 507 1808 illud
522 1784 585 1809 erat
605 1778 730 1808 insitum
746 1778 850 1819 priscis
870 1777 941 1816 illis,
959 1787 1035 1818 quos
