1226 1935
234 68 361 100 TUSC.
379 66 552 107 QUAEST.
566 68 646 99 Lm.
660 67 706 99 11.
724 67 807 99 Cn‘.
821 69 850 98 2.
936 69 996 98 155

108 153 138 184 in
159 152 347 194 Tusculano,
370 164 482 195 magna
502 153 659 185 videbatur
677 154 783 185 mortis
804 154 908 185 effecta
926 163 998 185 con-

107 197 213 227 temtio
227 208 236 233 ;
261 208 330 238 quae
344 207 404 227 non
420 197 583 227 minimum
600 197 679 227 valet
694 196 732 227 ad
753 197 892 227 animum
913 203 997 226 metu

108 239 310 270 liberandum.
334 240 419 270 Nam
443 240 496 280 qui
522 240 564 277 id,
590 240 671 281 quod
695 240 782 270 vitari
804 250 865 270 non
888 245 997 280 potest,

107 283 228 319 metuit,
245 283 270 313 is
290 283 388 313 vivere
409 283 511 313 animo
533 283 635 323 quieto
656 283 742 313 nullo
764 282 855 312 modo
876 288 974 323 potest
987 293 996 311 :

106 324 159 354 sed
183 325 248 366 qui,
269 335 330 356 non
355 326 446 356 modo
473 326 544 366 quia
567 336 684 356 necesse
710 331 754 355 est
779 325 868 362 mori,
892 334 997 355 verum

107 367 199 398 etiam
223 369 296 409 quia
319 368 396 398 nihil
418 368 509 398 habet
531 378 612 399 mors
634 368 716 409 quod
737 368 775 398 sit
800 368 998 403 horrendum,

107 417 239 441 mortem
262 421 323 441 non
348 411 447 449 timet,
469 421 618 451 magnum
643 411 668 441 is
687 411 743 442 sibi
765 411 939 452 praesidiurn
960 409 999 440 ad

107 454 227 484 beatam
243 454 338 484 vitam
353 460 517 494 comparat.

151 496 353 538 Quamquam
379 507 440 527 non
465 507 571 527 smnus
595 496 704 537 ignari,
729 497 843 528 multos
868 496 1000 527 studiose

108 546 212 569 contra
227 550 289 570 esse
304 540 456 575 dicturos;
481 539 564 580 quod
580 540 673 570 vitare
688 540 773 569 nullo
789 540 880 570 modo
899 540 1000 580 potui-

108 592 189 620 mus,
206 582 264 613 nisi
280 583 358 613 nihil
373 583 497 613 omnino
509 583 714 613 scriberemus.
739 583 877 620 Etenim,
893 583 918 612 si
933 593 1001 612 ora-

109 625 216 663 tiones,
235 636 310 666 quas
326 636 380 656 nos
395 625 601 655 multitudinis
614 626 729 664 judicio
744 626 864 666 probari
880 626 1001 656 voleba-

109 678 179 698 mus
205 668 373 709 (popularis
398 674 442 699 est
466 669 548 698 enim
573 668 627 698 illa
652 668 802 705 faculta53
827 675 856 699 et
879 669 1002 698 effectus

109 711 289 752 eloquentiae
305 718 347 741 est
363 711 551 741 audientium
568 712 759 752 approbatio)
775 711 827 741 sed
837 712 861 742 si
873 711 1003 752 reperie-

109 754 219 784 bantur
243 754 394 790 nonnulli,
417 754 471 794 qui
496 754 573 784 nihil
596 754 765 792 laudarent,
789 754 847 784 nisi
866 754 949 795 quod
972 765 1004 784 se

110 796 222 826 imitari
245 808 332 838 posse
357 797 552 833 confiderent,
579 807 732 838 quemque
761 798 902 838 sperandi
932 797 1002 835 sibi,

110 839 253 870 eumdem
265 846 294 869 et
303 841 379 870 bene
391 840 511 870 dicendi
525 840 618 869 finem
632 846 834 880 proponerent
846 852 856 876 ;
880 847 919 878 et,
931 851 1002 870 cum

111 884 309 913 obruerentur
339 882 426 923 copia
457 882 675 913 sententiarum
705 889 798 923 atque
828 885 1002 917 verborum,

109 926 301 965 jejunitatem
317 931 346 955 et
361 926 475 955 famem
494 936 525 956 se
542 926 646 963 malle,
666 936 760 966 quam
782 927 952 956 ubertatem
974 933 1004 956 et

112 969 241 1009 copiam,
259 969 391 999 dicerent
410 969 505 1002 (unde
523 974 587 998 erat
607 975 746 998 exortum
765 979 861 1009 genus
882 969 1004 999 Attico-

112 1022 193 1048 rum,
206 1012 242 1042 iis
252 1012 333 1052 ipsis,
346 1012 399 1052 qui
410 1011 441 1042 id
457 1011 542 1053 sequi
553 1022 583 1041 se
598 1011 827 1051 profitebantur,
841 1012 980 1052 ignotum
993 1023 1002 1046 .·,

112 1055 166 1095 qui
187 1055 252 1094 jam
275 1055 455 1091 conticuere,
477 1065 563 1096 paene
579 1056 617 1085 ab
633 1054 698 1094 ipso
713 1054 778 1084 foro
793 1055 903 1093 irrisi);
928 1055 1004 1096 quid

112 1098 251 1127 futurum
267 1104 423 1138 putamus,
437 1108 519 1146 cum,
531 1097 667 1137 adjutore
682 1098 808 1138 populo,
821 1108 883 1139 quo
898 1100 1007 1128 uteba-

113 1150 184 1170 mur
203 1146 302 1178 antea,
328 1150 409 1171 nunc
428 1141 555 1171 minime
573 1150 627 1171 nos
646 1141 691 1170 uti
712 1151 798 1181 posse
820 1141 1003 1172 videamus?

112 1183 171 1213 Est
203 1183 285 1213 enim
316 1184 509 1224 philosophia
539 1183 644 1224 paucis
673 1189 813 1214 contenta
837 1184 1002 1233 judicibus,

113 1226 342 1257 multitudinem
367 1227 503 1257 consulto
526 1226 592 1267 ipsa
620 1226 752 1267 fugiens,
780 1227 868 1275 eique
891 1227 950 1268 ipsi
975 1233 1005 1257 et

114 1275 252 1310 suspecta
275 1276 304 1300 et
325 1269 443 1300 invisa.
467 1275 502 1300 ut
524 1270 582 1307 vel,
604 1269 629 1300 si
649 1269 718 1310 quis
738 1270 911 1300 universam
932 1270 1005 1301 velit

113 1312 294 1353 vituperare,
311 1313 441 1343 secundo
461 1313 493 1343 id
512 1313 626 1354 populo
648 1312 745 1343 facere
762 1313 875 1353 possit,
900 1314 959 1351 vel,
981 1313 1007 1343 si

113 1355 146 1385 in
162 1365 240 1392 eam,
258 1366 352 1396 quam
367 1366 421 1386 nos
436 1356 571 1386 maxime
587 1355 754 1396 sequimur,
776 1362 901 1387 conetur
920 1357 1007 1387 inva-

114 1398 195 1435 dere,
226 1408 339 1439 magna
367 1399 478 1429 habere
507 1398 601 1440 possit
626 1399 742 1429 auxilia
770 1409 789 1428 a
818 1399 1006 1440 reliquorum

113 1441 364 1482 philosophorum
379 1442 554 1482 disciplinis.

160 1484 206 1514 II.
230 1485 297 1514 Nos
312 1490 415 1515 autem
429 1485 576 1515 universae
588 1484 787 1526 philosophiae
796 1485 1008 1527 vituperatori-

115 1528 173 1557 bus
191 1528 400 1568 respondimus
420 1528 451 1558 in
473 1528 657 1558 Hortensio:
682 1538 737 1568 pro
761 1528 932 1559 Academia
953 1539 1008 1558 au-

116 1576 178 1601 tern
194 1581 263 1610 quae
277 1570 403 1600 dicenda
418 1577 528 1609 essent,
541 1571 612 1601 satis
622 1577 759 1601 accurate
770 1572 802 1601 in
814 1572 1008 1602 Academicis

117 1619 247 1654 quatuor
261 1613 345 1643 libris
361 1614 511 1654 explicata
525 1614 718 1644 arbitramur.
751 1614 811 1645 Sed
824 1621 926 1644 tamen
939 1620 1007 1644 tan-

116 1662 185 1686 tum
200 1657 294 1693 abest,
311 1662 346 1686 ut
360 1657 448 1687 scn'bi
463 1662 567 1687 eontra
582 1667 636 1687 nos
651 1657 795 1694 nolimus,
811 1663 846 1687 ut
864 1657 896 1687 id
915 1658 1007 1688 etiam

117 1699 253 1730 maxime
267 1704 417 1740 optemus.
450 1700 490 1732 In
504 1700 571 1741 ips&
585 1700 668 1732 enim
685 1700 804 1732 Graeci&
818 1700 1011 1742 philosophia
