1226 1935
254 65 378 98 TUSC.
394 66 567 106 QUAEST.
584 67 664 100 Lm.
677 67 704 98 1.
728 66 813 99 cip.
828 67 880 98 20.
950 66 1012 98 123

123 149 273 191 sophiam,
296 152 474 192 cognitionis
490 152 654 194 cupiditate
673 153 837 192 incensam,
858 152 1008 184 excitavit.

123 194 280 235 Praecipue
295 205 363 225 vero
378 196 516 226 fruentur
531 197 577 234 eit,
593 197 646 237 qui
659 202 724 226 tum
737 196 840 233 etiam,
856 206 938 233 cum,
955 196 1010 225 has

123 242 214 267 terras
238 238 410 275 incolentes,
434 239 607 269 circumfusi
633 245 717 269 erant
740 239 879 279 ealigine,
906 244 1009 269 tamen

122 279 185 309 acie
199 281 308 311 mentis
323 281 465 322 dispicere
480 283 650 322 cupiebant.

165 322 241 352 ΧΧ.
266 323 402 361 Etenim,
426 325 450 354 si
474 334 554 355 nunc
574 324 689 366 aliquid
709 325 827 366 assequi
842 334 873 354 se
887 329 1008 364 putant,

122 365 176 406 qui
188 366 298 396 ostium
312 367 403 397 Ponti
418 367 567 405 viderunt,
581 374 610 398 et
625 378 674 398 eas
688 368 852 409 angustias,
868 378 922 408 per
933 377 1009 408 quas

121 409 288 448 penetravit
302 420 347 448 ea,
365 421 433 451 quae
448 416 491 441 est
506 411 661 440 nominata

166 469 188 485 “
200 469 298 509 Argo,
315 469 388 510 quia
402 470 534 511 Argivi
526 480 558 500 m
573 481 619 508 ea,
635 469 742 501 delecti
758 469 829 518 viri,

164 510 264 550 Vecti,
280 514 422 553 petebant
435 513 546 554 pellem
561 513 732 544 inauratam
747 512 878 544 arietis*
856 512 891 550 ‚⁹

119 587 172 612 aut
187 581 218 619 ii,
236 582 289 624 qui
304 581 419 614 Oceani
433 583 510 613 freta
524 583 576 613 ina
590 583 742 621 viderunt,

165 642 188 659 “
199 641 358 683 Europam
374 641 567 683 Libyamque
581 652 676 683 rapax
691 642 745 672 ubi
759 641 867 673 dividit
881 640 964 671 unda
974 640 1009 678 ;”

121 711 203 752 quod
218 712 341 742 tandem
356 712 560 752 spectaculum
577 711 639 742 fore
653 717 808 752 putamus,
827 721 897 741 cum
912 716 1009 741 totam

121 760 231 784 terram
246 755 380 785 contueri
392 755 502 791 licebit,
520 756 644 795 ejusque
659 764 729 785 euni
745 755 849 792 situm,
866 754 1008 791 formam,

121 797 438 838 circumscriptionem,
462 804 529 827 tuni
556 805 585 828 et
610 797 788 828 habitabiles
811 797 956 838 regiones,
981 802 1011 826 et

120 850 241 870 rursum
257 841 342 870 omni
356 841 452 879 cultu,
468 846 590 882 propter
605 841 668 871 vim
682 840 801 881 frigoris
821 846 874 870 aut
892 839 1009 878 caloris,

119 889 257 913 vacantes
269 885 282 914 ?

164 926 230 956 Nos
256 926 338 956 enim
359 936 398 957 ne
418 936 500 956 nunc
523 925 647 967 quidem
670 925 763 956 oculis
787 925 937 956 cernimus
961 936 1006 963 ea,

121 979 191 1009 quae
211 969 368 999 videmus:
393 979 491 1009 neque
512 969 593 999 enim
613 974 657 999 est
676 969 758 999 ullus
778 978 881 999 sensus
897 969 928 998 in
944 979 1009 998 cor-

119 1021 191 1053 pore
203 1023 212 1047 ;
229 1012 280 1042 sed
296 1016 344 1047 (ut
358 1022 419 1042 non
431 1012 529 1042 solum
541 1012 657 1053 physici
668 1011 786 1047 docent,
799 1022 905 1041 verum
917 1011 1009 1041 etiam

120 1054 241 1093 medici,
265 1055 318 1096 qui
340 1055 398 1085 ista
421 1061 524 1096 aperta
546 1061 575 1085 et
600 1055 749 1096 patefacta
773 1054 926 1092 viderunt)
953 1054 1010 1084 viae

120 1097 207 1138 quasi
227 1098 368 1139 quaedam
389 1104 459 1128 sunt
474 1098 513 1128 ad
527 1098 639 1135 oculos,
656 1097 695 1127 ad
710 1108 807 1135 aures,
825 1097 863 1127 ad
878 1107 975 1135 nares,
992 1108 1011 1127 a

120 1140 190 1171 sede
204 1141 299 1171 animi
318 1141 486 1182 perforatae.
519 1141 628 1182 Itaque
648 1151 737 1182 saepe,
759 1147 812 1170 aut
830 1140 1011 1181 cogitatione

121 1190 176 1214 aut
195 1184 298 1225 aliqua
314 1184 344 1215 vi
358 1184 457 1215 morbi
476 1184 625 1225 impediti,
646 1184 756 1225 apertis
776 1190 867 1224 atque
887 1183 1012 1224 integris

121 1232 151 1257 et
165 1227 259 1257 oculis
273 1233 302 1257 et
317 1227 451 1265 auribus,
468 1237 522 1258 nec
543 1227 692 1265 videmus,
715 1237 769 1257 nec
789 1226 950 1256 audimus:
974 1231 1010 1256 ut

120 1269 209 1300 facile
231 1270 360 1311 intelligi
382 1270 485 1312 possit,
509 1270 647 1300 animum
669 1276 699 1300 et
720 1270 821 1300 videre
843 1276 872 1300 et
894 1269 1010 1308 audire,

120 1321 182 1342 non
198 1323 246 1343 eas
261 1319 370 1354 partes,
387 1324 456 1354 quae
471 1313 557 1355 quasi
571 1313 708 1343 fenestrae
723 1319 794 1343 sunt
808 1312 924 1349 animi3
942 1312 1011 1353 qui-

121 1356 180 1386 bus
199 1361 302 1386 tamen
317 1357 426 1387 sentire
445 1357 523 1387 nihil
538 1362 629 1398 queat
642 1366 740 1394 mens,
756 1355 814 1386 nisi
832 1355 863 1385 id
883 1362 964 1396 agat,
982 1360 1012 1385 et

122 1399 209 1429 adsit.
243 1399 340 1437 Quid,
366 1400 449 1441 quod
473 1399 578 1430 eadem
598 1405 700 1430 mente
723 1409 769 1429 res
792 1399 1010 1429 dissimillimas

123 1442 418 1483 comprehendimus,
449 1448 484 1473 ut
514 1443 656 1480 colorem,
686 1451 836 1483 saporem,
867 1442 1009 1480 calorem,

123 1484 258 1523 odorem,
289 1487 424 1516 sonum?
456 1497 524 1527 quae
550 1495 710 1527 nunquam
736 1485 873 1526 quinque
897 1485 1013 1515 nuntiis

123 1527 244 1558 animus
259 1535 457 1569 cognosceret,
474 1529 531 1559 nisi
551 1528 590 1558 ad
610 1538 680 1559 eum
696 1528 799 1558 omnia
819 1528 1011 1565 referrentur,

123 1576 153 1601 et
172 1570 197 1601 is
217 1571 355 1601 omnium
368 1572 464 1611 judex
480 1572 560 1602 solus
578 1577 662 1602 esset.
695 1571 803 1612 Atque
823 1581 858 1601 ea
877 1570 1011 1612 profecto

122 1618 190 1643 tum
213 1614 311 1644 multo
334 1615 456 1655 puriora
479 1620 509 1645 et
531 1614 711 1645 dilucidiora
734 1620 903 1652 cernentur,
927 1623 1010 1650 cum,

122 1667 184 1697 quo
199 1663 308 1687 natura
322 1657 391 1696 fert,
402 1658 479 1688 liber
493 1658 614 1688 animus
628 1657 805 1699 pervenerit.
830 1657 914 1687 Nam
930 1666 1012 1686 nunc

121 1700 258 1740 quidem,
281 1710 471 1742 quamquam
493 1701 644 1731 foramina
666 1701 730 1738 illa,
756 1711 826 1741 quae
849 1704 954 1740 patent
973 1698 1012 1729 ad

122 1742 262 1775 animum
285 1753 305 1775 a
323 1753 457 1786 corpore,
478 1744 673 1775 callidissimo
692 1742 819 1775 artificio
838 1748 947 1774 namra
966 1741 1012 1772 fa-
