1226 1935
191 57 232 88 62
319 58 382 90 DE
405 60 606 99 FINIBUS,
624 60 703 91 Lm.
720 60 780 92 IV.
797 60 882 92 Cn.
898 62 950 91 28.

186 143 272 183 giens
295 145 460 185 Panaetius,
481 158 536 178 nec
561 148 754 178 acerbitatem
774 147 1005 183 sententiarum,
1022 155 1076 176 nec

187 187 352 219 disserendi
366 190 478 230 spinas,
495 191 634 231 probavit
646 203 655 221 ε
678 191 797 231 fuitque
812 191 843 220 in
860 190 953 220 altero
969 199 1078 229 genere

188 229 301 269 mitior,
318 232 349 262 in
365 233 458 263 altero
473 233 617 264 illustrior
630 245 639 269 ;
664 244 842 274 semperque
856 233 964 262 habuit
979 233 1010 261 in
1027 243 1078 262 ore

190 272 362 313 Platonem,
373 275 582 313 Aristotelem,
594 277 808 313 Xenocratem,
819 276 1079 316 Theophrastum,

190 315 415 355 Dicaearchum,
438 325 472 349 ut
487 319 580 360 ipsius
596 320 705 360 scripta
720 319 890 349 declarant:
916 329 992 359 quos
1012 318 1081 359 qui-

190 358 259 389 dem
276 360 331 391 tibi
347 362 477 392 studiose
492 369 521 392 et
536 363 694 403 diligenter
709 362 879 392 tractandos
894 371 1078 401 magnopere

191 412 304 433 censeo.
329 404 400 441 Sed,
418 405 563 446 quoniam
579 405 807 446 advesperascit,
824 410 853 434 et
876 405 952 434 mihi
968 404 1006 434 ad
1022 404 1078 434 vil-

191 445 254 475 lam
270 448 480 478 revertendum
491 454 545 485 est,
556 459 637 478 nunc
649 448 773 488 quidem
783 448 927 477 hactenus
941 459 948 477 ε
974 457 1080 477 verum

191 487 248 519 hoc
262 489 343 519 idem
355 501 432 531 saepe
444 491 599 522 faciamus.
624 492 690 521 Nos
706 502 786 527 vero,
802 490 902 531 inquit
914 490 982 520 ille:
1008 500 1081 519 nam

191 531 266 571 quid
281 543 442 572 possumus
457 534 553 565 facere
569 534 678 564 melius
689 536 703 564 P
727 539 756 564 et
773 534 851 563 hanc
872 533 995 573 quidem
1019 533 1081 573 pri-

190 583 275 604 mam
298 576 419 616 exigam
439 588 458 607 a
480 583 509 607 te
529 588 663 618 operam,
683 582 718 606 ut
733 576 837 606 audias
852 587 913 614 me,
936 587 1005 616 quae
1019 587 1037 606 a
1053 581 1082 605 te

193 616 274 648 dicta
289 625 371 657 sunt,
388 620 583 650 refellentem.
619 619 678 649 Sed
693 625 857 655 memento,
881 624 921 655 te,
941 630 1010 659 quze
1026 629 1080 648 nos

193 661 369 698 sentiamus,
385 663 489 692 onmia
503 664 640 703 probare,
656 662 688 692 ni
704 662 786 703 quod
801 662 898 692 verbis
913 662 999 692 aliter
1014 668 1082 691 uta-

193 713 264 733 mur
277 715 286 733 ε
311 705 387 734 mihi
402 711 505 735 autem
518 712 685 735 vestrorum
696 705 773 735 nihi]
783 705 913 746 probari.
949 706 1082 745 Scrupu-

193 746 272 785 lum,
296 746 436 788 inquam,
458 749 601 779 abeunti:
627 749 679 780 sed
698 748 878 779 videbimus.
910 747 991 786 Quae
1011 758 1081 778 cum

194 795 291 820 essent
306 790 397 831 dicta,
413 791 612 823 discessimus.
