1226 1935
263 53 324 85 DE
348 53 546 92 FINIBUS,
572 53 650 84 11113.
662 53 702 85 V.
720 53 803 85 Cu».
817 55 847 84 6.
956 55 997 85 69

109 137 161 168 sed
177 149 222 176 ea,
239 149 309 180 quae
317 139 503 170 desideratur
514 150 532 170 a
541 150 653 180 magno
665 139 856 180 philosopho,
867 140 998 180 gravitas

111 180 143 210 in
159 191 194 211 co
210 191 269 212 non
286 183 364 213 fuit:
389 183 499 223 scripta
521 193 591 213 sane
603 190 632 212 et
643 183 741 213 multa
753 189 782 213 et
796 182 909 223 polita:
934 182 997 218 scd,

111 224 210 254 nescio
221 235 282 265 quo
297 232 396 266 pacto,
413 226 621 256 auctoritatem
637 226 731 255 oratio
746 235 805 255 non
823 225 923 255 habet.

154 267 303 298 Praetereo
320 269 444 305 multos,
461 269 493 298 in
508 268 554 298 his
573 269 696 298 doctum
712 268 868 298 hominem
884 274 913 298 et
929 278 997 298 sua-

111 319 192 347 vem,
219 310 458 352 Hieronymum,
485 321 577 352 quem
599 312 665 350 jam
688 321 741 341 cur
763 311 997 352 Peripateticum

109 353 273 393 appellem,
290 355 398 384 nescio.
431 356 597 384 Summum
618 354 699 384 enim
715 355 830 384 bonum
846 354 998 394 exposuit,

111 396 291 426 vacuitatem
305 396 437 427 doloris:
468 397 521 437 qui
536 403 639 427 autem
654 396 691 426 de
707 407 827 426 summo
843 398 922 426 bono
937 396 1000 426 dis-

109 438 210 475 sentit,
227 439 265 469 (le
284 439 346 469 tota
367 439 565 480 philosophiae
585 440 700 469 ratione
720 439 865 469 dissentit.
899 439 998 469 Crito-

108 480 176 510 laus
191 481 304 512 imitari
318 483 458 524 antiquos
473 483 589 518 voluit;
613 489 643 512 et
657 482 782 522 quidem
795 488 839 512 est
850 482 998 522 gravitate

109 524 278 563 proximus,
295 532 324 555 et
339 525 488 555 redundat
502 525 606 555 oratio.
630 525 779 555 Attamen
790 525 816 555 is
827 524 951 565 quidem
964 525 995 554 in

108 567 213 606 patriis
228 567 372 598 institutis
387 574 500 598 manet.
533 567 697 604 Diodorus,
715 569 779 607 ejus
794 568 925 605 auditor,
942 567 996 597 ad-

105 609 209 650 jungit
223 610 262 640 ad
277 611 475 649 honestatem,
493 611 674 641 vacuitatem
689 611 809 641 doloris.
844 610 906 641 Hic
920 620 997 652 quo-

107 663 168 692 que
189 664 261 684 suus
279 660 343 685 est:
368 654 405 684 de
426 664 607 694 summoque
627 655 706 683 bono
726 653 914 690 dissentiens,
935 653 997 683 dici

107 705 176 725 vere
198 696 415 737 Peripateticus
437 707 498 727 non
520 702 626 737 potest.
660 696 872 737 Antiquormn
893 702 996 726 autem

105 739 286 769 sententiam
306 739 479 770 Antiochus
499 746 598 769 noster
617 739 694 769 mihi
716 739 834 769 videtur
857 739 996 780 persequi

105 781 354 822 diligentissime:
379 793 474 824 quam
495 782 633 812 eamdem
657 782 830 813 Aristotelis
853 782 945 812 fuisse
967 788 997 812 et

108 824 282 855 Polemonis
301 825 391 856 docet

151 867 210 897 VI.
234 868 320 898 Facit
334 868 427 909 igitur
439 868 554 899 Lucius
566 873 666 898 noster
680 868 855 910 prudenter,
869 867 923 909 qui
938 878 993 898 au-

105 910 171 940 dire
193 910 231 940 de
251 921 372 941 summo
392 913 471 941 bono
491 911 683 952 potissimum
705 912 786 942 velit.
821 912 890 941 Hoc
913 911 995 941 enim

105 953 268 984 constituto
297 954 330 984 in
360 954 563 995 philosophia,
594 954 756 985 constituta
785 960 856 984 sunt
881 954 994 984 onmia.

108 996 204 1034 Nam,
221 997 334 1027 caeteris
349 997 380 1026 in
397 999 496 1034 rebus,
511 997 571 1028 sive
586 997 822 1038 praetermissum
837 997 899 1027 sive
910 997 996 1037 igno-

107 1045 208 1069 ratum
224 1045 268 1070 est
283 1040 453 1080 quidpiam,
470 1050 530 1070 non
546 1041 615 1081 plus
630 1040 815 1070 incommodi
830 1046 884 1078 est,
901 1050 995 1080 quam

106 1082 214 1122 quanti
229 1093 358 1123 quaeque
378 1093 482 1113 earum
503 1093 605 1113 rerum
621 1088 675 1121 est,
692 1083 724 1113 in
745 1083 856 1123 quibus
876 1083 995 1124 neglec-

107 1131 174 1155 tum
191 1131 234 1155 est
249 1126 374 1166 aliquid.
407 1128 573 1156 Summum
598 1131 701 1155 autem
727 1127 844 1156 bonum
865 1125 890 1155 si
909 1126 996 1166 igno-

107 1174 199 1205 retur,
216 1168 337 1198 vivendi
351 1168 498 1198 rationem
514 1168 645 1209 ignorari
661 1179 778 1199 necesse
793 1174 856 1199 est:
881 1179 919 1198 ex
934 1179 997 1209 quo

106 1216 209 1240 tantus
224 1221 304 1241 error
319 1211 523 1252 consequitur,
540 1217 585 1248 ut,
607 1221 698 1251 quern
714 1212 746 1241 in
766 1218 889 1252 portum
904 1222 935 1242 se
950 1222 996 1242 re-

107 1254 231 1294 cipiant,
260 1254 334 1284 scire
358 1264 419 1284 non
443 1254 567 1295 possint.
603 1254 740 1294 Cognitis
765 1260 868 1284 autem
894 1265 996 1285 rerum

107 1297 230 1333 finibus,
246 1307 317 1327 cum
332 1297 523 1337 intelligitur,
540 1297 615 1337 quid
630 1297 667 1326 sit
682 1303 712 1327 et
731 1298 881 1327 bonorum
897 1304 995 1328 extre-

107 1350 194 1369 mum
215 1346 245 1370 et
264 1341 428 1376 malorum,
450 1342 572 1370 inventa
594 1340 662 1370 vitae
684 1339 732 1370 via
755 1346 809 1379 est,
826 1340 995 1371 conforma-

107 1383 211 1423 tioque
225 1383 364 1413 omnium
380 1383 556 1413 officiorum.

149 1425 207 1455 Est
217 1425 320 1466 igitur,
334 1436 395 1467 quo
404 1426 540 1467 quidque
555 1425 716 1456 referatur:
733 1436 771 1456 ex
783 1437 844 1467 quo
856 1426 901 1461 (id
913 1427 995 1468 quod

109 1478 214 1499 omnes
229 1475 388 1509 expetunt)
401 1470 486 1499 beate
501 1469 621 1499 vivendi
635 1469 711 1499 ratio
722 1469 850 1500 inveniri
873 1476 902 1499 et
913 1480 995 1500 com-

108 1511 208 1552 parari
222 1517 328 1552 potest.
353 1512 445 1550 Quod
461 1512 606 1552 quoniam
621 1512 652 1541 in
668 1522 729 1552 quo
744 1512 793 1550 sit,
806 1523 920 1553 magna
934 1513 995 1543 dis-

105 1555 205 1584 sensio
228 1560 292 1590 est;
316 1555 490 1585 Carneadea
509 1555 595 1585 nobis
615 1555 787 1585 adhibenda
809 1555 916 1585 divisio
938 1562 993 1593 est,

107 1597 171 1637 qua
191 1604 290 1627 noster
304 1597 476 1628 Antiochus
497 1598 625 1628 libenter
645 1598 690 1627 uti
711 1599 794 1628 solet.
825 1598 883 1628 Ille
902 1598 995 1639 igitur

108 1640 194 1678 vidit,
211 1650 271 1670 non
286 1641 377 1671 modo
392 1647 466 1681 quot
480 1640 606 1671 fuissent
627 1641 726 1671 adhuc
746 1641 995 1682 philosophorum

108 1682 147 1713 de
162 1693 283 1714 summo
297 1685 388 1721 bono,
405 1684 456 1714 sed
471 1690 546 1724 quot
560 1684 684 1714 omnino
705 1694 768 1715 esse
782 1690 913 1725 possent,
930 1695 997 1716 sen-
