1226 1935
219 79 343 110 TUSC.
362 78 535 117 QUAEST.
553 78 632 110 Lm.
649 78 676 110 Ι.
701 79 784 109 CAP.
801 79 853 109 41.
922 78 982 108 143

93 175 128 196 ae
143 164 349 206 despicientia,
371 170 401 195 et
421 164 453 195 in
473 164 558 195 omni
578 164 699 202 virtute,
715 174 874 205 ponamus.
898 163 983 193 Nam

93 218 174 238 nunc
189 207 313 248 quidem
332 207 562 248 cogitationibus
579 206 814 246 [molestissimis
830 207 984 237 effemina-

92 252 192 291 mur,]
209 256 254 287 ut,
277 251 302 280 si
323 256 392 280 ante
407 261 488 281 mors
503 250 643 280 adventet
659 260 752 291 quam
768 250 984 280 Chaldaeorum

94 294 239 334 promissa
259 293 410 323 consecuti
432 303 547 329 sumus,
574 293 692 334 spoliati
716 293 835 333 magnis
859 293 985 333 quibus-

94 336 165 374 dam
187 336 284 373 bonis,
307 336 399 373 illusi,
424 336 630 376 destitutique,
653 336 819 366 videamur.
852 336 945 373 Quod
961 336 986 365 si

95 379 295 420 exspectando
319 385 348 409 et
372 378 567 409 desiderando
587 379 754 419 pendemus
776 378 896 415 animis,
918 390 986 409 cru-

94 423 221 459 ciamur,
246 422 397 462 angimur.
423 422 495 458 Pro,
519 421 574 452 Dii
589 422 796 452 immortales!
821 432 915 462 quam
930 422 987 451 iter

94 465 171 495 illud
192 465 365 504 jucundum
390 475 451 495 esse
472 464 571 502 debet,
593 475 654 505 quo
675 464 820 501 confecto,
840 465 926 495 nulla
940 475 987 494 re-

93 507 179 548 liqua
203 518 285 543 cura,
308 508 393 538 nulla
414 507 583 537 sollicitudo
604 508 708 537 futura
728 507 785 537 sit!
811 508 915 545 Quam
937 518 987 538 me

94 550 221 581 delectat
244 550 470 580 Theramenes!
496 561 590 591 quam
605 551 682 581 elato
705 550 807 580 animo
832 551 894 581 est!
919 550 989 580 Etsi

95 594 176 623 enim
192 593 311 630 flemus,
331 603 402 624 cum
423 593 564 633 legimus,
584 598 686 624 tamen
702 603 763 623 non
779 593 989 623 miserabiliter

95 637 140 666 vir
156 637 253 666 clarus
269 636 434 671 emoritur;
459 636 513 676 qui
528 646 610 674 cum,
627 637 779 675 conjectus
794 636 826 666 in
842 647 989 667 carcerem

96 679 220 720 triginta
239 680 327 718 jussu
343 685 553 720 tyrannorum,
576 689 738 715 venenum,
755 685 789 708 ut
806 679 918 717 sitiens,
936 681 990 709 ob-

96 722 242 757 duxisset,
254 722 405 762 reliquum
417 722 458 752 sic
471 732 486 752 e
498 722 607 762 poculo
619 722 716 761 ejecit,
728 727 763 751 ut
776 722 806 751 id
818 728 988 758 resonaret3

96 775 158 806 quo
182 765 282 794 sonitu
306 764 434 800 reddito,
462 765 607 801 arridens,
642 768 663 782 ‘⁶
682 765 851 805 Propino,''
877 765 989 805 inquit,

97 811 120 825 “
137 808 193 838 hoc
217 807 345 848 pulchro
370 807 507 844 Critiae‚'’
532 808 584 848 qui
605 807 636 837 in
662 818 732 837 eum
756 807 855 838 fuerat
876 808 992 838 teterri-

97 860 177 881 mus.
211 850 309 880 Graeci
334 851 415 880 enim
435 850 466 879 'm
483 850 625 880 conviviis
641 851 736 880 solent
751 851 919 887 nominare,
943 851 992 881 cui

98 894 244 934 poculum
265 893 405 923 tradituri
425 893 493 923 sint.
528 893 618 923 Lusit
633 893 678 923 vir
699 894 835 933 egregius
856 900 993 924 extremo

99 936 218 977 spiritu,
237 946 306 966 cum
320 936 385 974 jam
400 935 571 977 praecordiis
587 942 761 976 conceptam
777 942 906 966 mortem
922 947 993 967 con.

100 979 227 1010 tineret:
253 989 381 1019 vereque
402 978 440 1015 ei,
463 978 511 1008 cui
532 989 683 1008 venenum
704 979 895 1019 praebiberat,
912 990 993 1010 mor-

99 1028 161 1052 tem
187 1028 230 1052 est
257 1032 324 1051 eam
350 1028 528 1062 auguratus,
556 1032 625 1062 quae
651 1022 735 1052 brevi
759 1028 917 1052 consecuta
938 1029 992 1054 est.

101 1065 181 1103 Quis
206 1065 284 1094 hanc
308 1064 402 1094 animi
425 1064 554 1094 maximi
579 1065 751 1105 aequitatem
767 1065 799 1094 in
816 1065 881 1105 ipsa
895 1072 994 1096 morte

102 1108 251 1144 laudaret,
275 1107 300 1137 si
325 1114 454 1138 mortem
482 1108 601 1137 malum
625 1108 799 1147 judicaret?
837 1108 933 1138 Vadit
962 1109 994 1138 in

100 1151 241 1181 eumdem
258 1161 417 1188 carcerem,
435 1156 525 1191 atque
540 1151 572 1180 in
588 1151 730 1180 eumdem
746 1151 849 1191 paucis
861 1157 928 1191 post
940 1162 995 1182 an-

101 1194 149 1224 nis
165 1193 325 1234 scyphum,
349 1194 496 1230 Socrates,
517 1193 621 1223 eodem
637 1194 744 1224 scelere
757 1193 909 1233 judicum,
933 1205 995 1236 quo

101 1242 313 1277 tyrannorum,
330 1237 546 1267 Theramenes.
585 1236 665 1274 Quae
684 1242 727 1267 est
742 1237 836 1277 igitur
851 1238 915 1276 ejus
929 1248 996 1268 ora-

101 1280 154 1317 tio,
178 1280 241 1320 qua
264 1279 336 1310 facit
360 1290 430 1310 eum
450 1279 539 1310 Plato
563 1289 654 1309 usum
679 1279 762 1321 apud
782 1279 910 1319 judices,
930 1282 997 1320 jam

101 1328 199 1352 morte
214 1323 381 1352 multatum
394 1325 407 1353 Ρ

145 1365 237 1395 XLI.
256 1368 279 1383 “
290 1366 410 1406 Magna
424 1365 508 1402 me,”
525 1365 636 1406 inquit,
651 1367 673 1383 “
684 1375 751 1406 spes
765 1370 857 1403 tenet,
869 1366 996 1406 judices,

104 1409 181 1439 bene
192 1409 269 1438 mihi
285 1408 413 1445 evenire,
431 1408 514 1449 quod
529 1409 632 1438 mittar
648 1408 686 1438 ad
704 1414 843 1438 mortem.
868 1409 999 1440 Necesse

104 1458 149 1481 est
164 1451 256 1488 enim,
273 1452 311 1481 sit
326 1452 455 1481 alterum
471 1451 508 1481 de
523 1451 641 1481 duobus
656 1462 664 1487 ;
689 1457 724 1481 ut
744 1457 796 1481 aut
813 1461 916 1482 sensus
931 1463 998 1482 cm-

99 1494 172 1524 nino
198 1504 302 1524 omnes
326 1505 407 1524 mors
433 1494 560 1530 auferat,
587 1500 640 1524 aut
660 1495 692 1524 in
714 1494 809 1524 alium
831 1495 997 1535 quemdam

100 1537 203 1567 locum
219 1547 257 1567 ex
269 1537 316 1567 his
325 1537 397 1567 locis
409 1543 507 1567 morte
519 1537 675 1577 migretur.
701 1537 923 1575 Quamobrem,
937 1539 999 1569 sive

108 1590 211 1610 sensus
235 1580 448 1620 exstinguitur,
473 1590 616 1620 morsque
639 1580 666 1609 ei
687 1590 793 1610 somno
816 1580 921 1610 similis
943 1587 999 1619 est,

108 1623 162 1663 qui
177 1632 410 1663 nonnunquam,
424 1623 516 1653 etiam
532 1623 595 1653 sine
606 1622 676 1653 visis
688 1623 887 1661 somniorum,
901 1624 1002 1663 placa-

108 1665 258 1695 tissimam
280 1666 413 1706 quietem
435 1666 541 1702 affert;
566 1665 621 1695 Dii
642 1666 736 1696 boni!
762 1666 836 1706 quid
860 1666 936 1696 lucri
958 1672 1003 1697 est

108 1708 211 1738 mori!
243 1714 296 1738 aut
320 1719 413 1749 quam
436 1708 528 1738 multi
551 1708 615 1738 dies
637 1708 761 1749 reperiri
783 1714 921 1749 possunt,
948 1709 1003 1750 qui

110 1750 165 1782 tali
192 1751 274 1782 nocti
299 1751 542 1792 anteponantur!
576 1750 624 1782 cui
649 1751 675 1782 si
698 1751 804 1782 similis
829 1751 933 1783 futura
959 1758 1004 1783 est
