1226 1935
225 98 288 129 242
331 96 454 129 TUSC.
471 96 644 137 QUAEST.
672 98 751 129 Lm.
769 98 827 129 IV.
854 98 936 129 CAP.
953 100 1004 130 30.

223 183 305 223 quod
321 185 475 224 perturbet
486 183 635 222 animum,
652 184 703 215 sed
714 184 752 214 de
763 184 829 224 ipsa
840 184 877 214 sit
889 184 1112 224 perturbatione

223 225 394 257 dicendum.
433 227 542 268 Itaque
557 227 702 268 primum,
723 228 754 256 in
769 227 834 267 ipsa
849 227 1024 267 cupiditate,
1041 237 1111 258 cum

222 268 254 298 id
269 269 368 300 solum
382 270 493 310 agitur,
509 275 544 300 ut
561 280 597 300 ea
617 270 750 306 tollatur,
768 280 827 299 non
843 276 885 300 est
902 270 1112 310 quaerendum,

223 312 339 342 bonum
354 313 431 342 illud
446 322 538 343 necne
553 313 601 349 sit,
625 313 706 354 quod
724 312 881 343 libidinem
897 319 1036 343 moveat:
1061 313 1112 343 sed

222 353 317 386 libido
332 355 397 396 ipsa
408 355 539 386 tollenda
555 362 598 386 est
609 360 620 385 :v
635 362 680 391 ut,
695 354 766 393 sive,
783 356 865 396 quod
880 356 1041 386 honestum
1055 362 1111 393 est,

222 397 254 427 id
278 398 316 428 sit
340 409 495 428 summum
517 400 644 436 bonum,
667 399 727 429 sive
748 399 896 439 voluptas,
919 399 979 429 sive
1001 398 1111 429 horum

222 446 389 482 utrumque
413 442 621 481 conjunctum,
646 442 706 472 sive
730 442 782 471 ina
802 442 859 471 tria
882 452 993 482 genera
1019 443 1112 471 bono-

221 493 311 520 rum;
337 491 450 521 tamen,
475 485 566 515 etiam
593 485 618 514 si
643 485 761 514 virtutis
787 485 881 525 ipsius
907 484 1111 514 vehementior

221 527 373 567 appetitus
390 526 437 564 sit,
455 527 559 559 eadem
575 528 613 557 sit
627 528 768 557 omnibus
781 527 818 557 ad
830 527 1042 557 deterrendum
1059 526 1112 556 ad-

221 568 354 600 hibenda
374 569 476 600 oratio.
512 570 654 600 Continet
672 577 772 599 autern
789 580 911 600 omnem
927 570 1109 600 sedationem

220 611 315 642 animi
331 613 466 643 humana
480 612 512 642 in
535 619 693 653 conspectu
709 612 807 652 posita
821 618 948 648 natura3
966 623 1035 653 quae
1050 622 1112 653 quo

220 654 338 686 facilius
364 666 503 697 expressa
529 662 677 693 cernatur,
707 655 885 696 explicanda
910 661 953 685 est
978 655 1111 685 oratione

221 699 391 728 communis
416 698 546 729 conditio
570 698 682 738 lexque
705 698 782 728 vitae.
819 698 939 738 Itaque,
964 707 1024 727 non
1048 698 1111 728 sine

220 740 322 779 causa,
336 751 406 771 cuni
422 741 563 771 Orestem
579 741 714 771 fabulam
727 741 844 771 doceret
859 740 1033 782 Euripides,
1049 741 1111 782 pri-

220 793 286 814 mos
302 790 360 814 tres
375 795 476 815 versus
492 783 643 814 revocasse
658 784 768 814 dicitur
782 785 936 815 Socrates:

265 845 288 861 “
306 844 416 885 Neque
432 850 495 875 tam
511 842 653 874 terribilis
669 844 734 874 ulla
748 843 840 874 fando
857 842 983 884 [oratio]
1001 849 1056 881 est,

264 887 331 917 Nec
347 898 421 925 sors,
438 897 493 917 nec
508 888 553 917 ira
569 887 702 917 coelitum
719 886 871 916 invectum
886 886 1015 922 malurn,

263 930 357 968 Quod
373 940 433 960 non
449 936 557 960 natura
572 930 708 960 humana
722 929 863 971 patiendo
879 929 1014 959 efferat.”

219 998 278 1030 Est
291 1005 393 1030 autem
410 1000 504 1038 utilis,
521 999 560 1030 ad
572 999 826 1040 persuadendum,
845 1009 890 1035 ea,
907 1009 976 1039 quae
996 998 1111 1029 accide-

220 1042 291 1080 rint,
308 1042 378 1073 ferri
394 1049 424 1073 et
434 1053 519 1084 posse
531 1049 562 1073 et
573 1049 718 1083 oportere,
736 1042 921 1073 enumeratio
937 1052 1041 1072 eorum
1057 1041 1111 1082 qui

218 1085 374 1115 tulerunt:
400 1087 454 1116 etsi
474 1086 662 1126 aegritudinis
676 1085 788 1116 sedatio
803 1092 832 1116 et
847 1085 985 1115 hesterna
1006 1085 1110 1124 dispu-

220 1128 332 1167 tatione
356 1129 504 1169 explicata
527 1134 581 1166 est,
606 1134 636 1159 et
659 1128 691 1158 in
716 1131 737 1146 “
755 1128 996 1159 Consolationis''
1021 1128 1109 1163 libro,

219 1182 312 1212 quem
328 1171 358 1201 in
374 1172 474 1204 medio
491 1175 565 1206 (non
580 1170 661 1201 enirn
679 1171 825 1212 sapientes
842 1176 972 1207 eramus)
986 1180 1111 1201 nioerore

219 1220 249 1244 et
264 1214 365 1244 dolore
380 1214 628 1256 conscripsimus:
653 1215 795 1256 quodque
813 1220 893 1245 vetat
908 1214 1109 1254 Chrysippus,

204 1257 258 1287 ·ad
274 1263 404 1288 recentes
417 1257 503 1298 quasi
516 1264 648 1288 tumores
663 1258 757 1288 animi
773 1257 941 1287 remedium
957 1256 1109 1293 adhibere,

218 1299 250 1330 id
265 1309 319 1330 nos
331 1300 474 1337 fechnus3
491 1306 667 1342 naturaeque
682 1301 745 1331 vim
760 1300 929 1336 attulimus,
946 1305 980 1329 ut
991 1298 1110 1340 magni—

218 1343 318 1373 tudini
334 1343 492 1374 medicinae
507 1343 616 1374 doloris
632 1342 811 1383 magnitudo
827 1343 1009 1373 concederet.

261 1386 371 1416 XXX.
396 1386 456 1417 Sed
471 1387 654 1427 aegritudini,
678 1387 715 1417 de
736 1387 798 1427 qua
818 1386 888 1417 satis
911 1391 954 1416 est
975 1385 1110 1425 disputa-

219 1434 298 1467 tum,
323 1429 470 1460 finitimus
495 1435 538 1460 est
561 1436 669 1460 metus.
706 1429 756 1460 De
780 1440 841 1470 quo
865 1439 962 1470 pauca
984 1428 1110 1459 dicenda

218 1478 298 1502 sunt.
331 1472 388 1502 Est
412 1472 493 1502 enim
517 1478 628 1511 metus,
652 1478 687 1502 ut
712 1472 857 1513 aegritudo
880 1471 1045 1513 praesentis,
1069 1471 1111 1502 sic

217 1513 269 1545 ille
283 1515 389 1552 futuri,
405 1515 488 1545 mali.
513 1516 622 1557 Itaque
637 1516 776 1546 nonnulli
791 1515 978 1555 aegritudinis
992 1520 1111 1555 partem

218 1557 385 1598 quamdam
401 1564 521 1589 metum
542 1569 604 1590 esse
625 1559 782 1590 dicebant:
808 1558 859 1588 alii
873 1565 976 1588 autem
991 1563 1110 1588 metum

217 1601 449 1641 praemolestiarn
465 1602 669 1643 appellabant,
687 1602 769 1642 quod
781 1607 856 1632 esset
866 1601 952 1642 quasi
964 1601 1027 1631 dux
1040 1610 1110 1631 con-

218 1644 370 1684 sequentis
381 1644 534 1675 molestiae.
555 1645 677 1682 Quibus
686 1645 779 1685 igitur
791 1644 956 1675 rationibus
967 1643 1110 1674 instantia

218 1686 367 1725 feruntur,
391 1687 502 1718 eisdem
518 1694 752 1719 contemnuntur
773 1687 946 1729 sequentia:
971 1697 1043 1716 nam
1064 1686 1109 1716 vi-

218 1729 353 1763 dendum
369 1736 412 1761 est
427 1730 459 1761 in
472 1732 617 1773 utrisque,
633 1741 671 1762 ne
683 1731 757 1771 quid
769 1730 896 1767 humile,
911 1730 1107 1766 submissum,

217 1772 322 1811 moue,
348 1773 569 1816 effeminatum,
596 1775 738 1815 fractum,
766 1775 990 1816 abjectumque,
1017 1772 1110 1804 sacia-
