1226 1935
190 73 234 103 *40
322 73 383 104 DE
407 74 706 113 FINIBUS,L113.
722 75 781 105 IV.
800 74 884 104 CAP.
900 74 948 104 10.

191 157 287 189 nihilo
304 159 413 190 melius
433 170 527 201 quam
543 160 641 201 quivis
661 159 913 201 improbissimus,
934 168 989 188 nec
1009 158 1080 187 bea-

192 201 263 239 tius,
280 201 396 232 vixerit.
421 203 451 233 H
457 213 497 233 aec
512 203 648 233 videlicet
663 209 707 233 est
726 203 866 233 correctio
881 200 1081 243 philosophiae

192 244 309 282 veteris,
333 250 362 275 et
383 246 572 276 emendatio:
598 257 666 287 quae
687 245 811 276 omnino
832 245 949 276 aditum
970 244 1080 273 habere

191 287 312 317 nullum
328 294 425 328 potest
439 289 470 318 in
486 289 628 327 urbem,'
620 299 651 319 in
667 288 803 325 forum,
795 298 826 317 111
842 288 968 318 curiam.
1001 285 1081 322 Quis

191 330 273 359 enim
288 330 364 360 ferre
379 337 477 371 posset
488 338 530 361 lta
538 332 710 372 loquentem
724 341 805 368 eum,
819 331 871 371 qui
884 341 914 360 se
929 335 1081 360 auctorem

194 372 263 402 vitae
286 373 416 413 graviter
441 380 470 404 et
493 375 641 415 sapienter
660 374 783 414 agendae
806 373 1006 414 profiteretur,
1027 381 1081 401 no-

194 415 278 445 mina
292 427 393 446 rerum
414 424 673 452 commutantem;
697 427 828 457 cumque
848 416 928 445 idem
950 415 1082 450 sentiret,

195 458 279 499 quod
300 469 416 497 omnes,
440 460 550 500 quibus
572 462 661 490 rebus
683 460 820 489 eamdem
843 459 905 489 vini
928 458 1083 495 tribueret,

195 501 255 530 alia
270 502 394 532 nomina
408 503 626 543 imponentem,
643 504 734 533 verba
747 501 838 531 modo
853 507 1034 538 mutantem,
1048 499 1086 529 de

195 544 388 584 opinionibus
403 545 480 575 nihil
495 544 724 575 detrahentem?

240 587 429 617 Patronusne
450 597 557 625 causae,
572 587 604 616 in
620 587 738 628 epilogo
758 596 813 627 pro
833 596 883 616 reo
904 585 1015 623 dicens,
1033 595 1086 616 ne-

196 635 281 669 garet
296 640 357 659 esse
371 629 489 659 malum
505 629 657 666 exsilium,
668 629 902 670 publicationem
912 628 1085 659 bonorum?

196 672 261 702 haec
276 672 436 711 rejicienda
447 683 519 711 esse,
530 682 591 702 non
606 672 772 713 fugienda?
796 682 850 702 nec
864 671 1086 702 misericordem

194 714 329 754 judicem
346 725 407 745 esse
421 716 580 756 oportere?
605 715 643 745 In
659 715 799 746 concione
814 720 915 745 autem
937 715 961 744 si
981 715 1086 755 loque-

198 762 292 796 retur,
309 757 333 788 si
350 758 507 788 Hannibal
523 758 561 788 ad
576 764 677 799 portas
692 758 829 795 venisset,
842 767 1028 798 murumque
1040 758 1088 796 ja-

198 801 267 830 culo
289 801 461 841 trajecisset,
484 807 606 842 negaret
628 812 689 832 esse
710 801 742 831 in
764 801 852 831 malis
874 801 951 842 capi,
975 801 1087 840 venire,

197 842 335 880 interfici,
352 844 481 884 patriam
497 844 655 875 amittere?
677 844 732 874 An
750 849 881 882 senatus,
898 854 968 874 cum
980 844 1089 874 trium-

200 886 298 926 phum
314 887 460 918 Africano
476 887 644 918 decerneret
668 890 690 905 “
702 887 785 928 quod
800 888 865 926 ejus
880 887 1024 925 virtute,''
1036 892 1090 917 aut

200 931 223 947 ‘⁶
239 929 414 967 felicitate,'’
435 936 533 971 posset
556 929 663 968 dicere,
691 930 715 961 si
739 940 836 971 neque
856 929 950 960 virtus
972 930 1004 959 in
1025 930 1089 960 ullo

199 971 257 1001 nisi
272 972 303 1001 in
319 973 461 1021 sapiente,
479 983 532 1003 nec
547 973 682 1011 felicitas,
699 983 766 1003 vere
787 973 845 1003 dici
864 972 984 1013 potest?
1007 972 1088 1010 Quae

200 1021 245 1044 est
268 1015 360 1055 igitur
385 1016 441 1046 ista
465 1016 665 1057 philosophia,
689 1027 757 1056 quae
778 1016 932 1046 communi
951 1026 1035 1045 more
1056 1015 1088 1045 in

202 1057 267 1087 foro
282 1058 451 1099 loquitur,'
444 1069 476 1088 111
496 1059 610 1096 libello,
627 1059 701 1090 suo?
725 1059 890 1100 praesertim
906 1069 987 1097 cum,
1005 1058 1087 1099 quod

200 1099 246 1130 illi
272 1101 368 1131 verbis
395 1101 455 1131 suis
482 1102 659 1142 significent,
683 1102 714 1132 in
738 1112 772 1132 eo
794 1102 870 1131 nihil
890 1107 1027 1139 novetur,
1051 1101 1089 1132 de

199 1143 271 1184 ipsis
287 1146 375 1174 rebus
392 1143 484 1184 [1111111
504 1146 667 1186 mutetur,]
690 1145 801 1176 eaedem
818 1155 863 1175 res
878 1151 1021 1174 maneant
1031 1145 1090 1174 alio

202 1187 302 1217 modo.

244 1230 330 1268 Quid
354 1231 433 1260 enim
457 1231 588 1267 interest,
610 1231 740 1269 divitias,
767 1241 848 1272 opes,
871 1230 1087 1267 valetudinem,

199 1274 281 1304 bona
295 1273 386 1310 dicas,
403 1284 481 1304 anne
498 1275 668 1315 przrposita,
688 1285 759 1305 cum
781 1275 842 1312 ille,
860 1274 913 1314 qui
933 1274 990 1303 ista
1010 1275 1090 1304 bona

201 1316 285 1354 dicit,
311 1316 406 1347 nihilo
429 1317 498 1357 plus
517 1317 564 1347 his
585 1317 708 1355 tribuat,
731 1328 823 1358 quam
845 1323 890 1354 tu,
910 1317 964 1357 qui
984 1316 1089 1346 eadem

200 1359 254 1389 illa
269 1360 428 1400 praeposita
443 1360 605 1391 nominas?
630 1361 738 1401 Itaque
753 1360 845 1390 homo
864 1360 895 1389 in
917 1359 1022 1400 primis
1043 1359 1090 1388 in-

201 1411 318 1443 genuus
342 1408 371 1432 et
391 1402 500 1442 gravis,
517 1403 626 1443 dignus
646 1404 698 1433 im
719 1403 921 1433 familiaritate
942 1402 1090 1442 Scipionis

201 1450 231 1474 et
246 1445 345 1481 Laelii,
364 1445 527 1483 Panaetius,
539 1456 608 1476 cum
624 1446 662 1476 ad
678 1446 718 1484 Q.
730 1446 925 1476 Tuberonem
938 1445 975 1475 de
988 1445 1089 1475 dolore

202 1487 343 1528 patiendo
358 1488 496 1518 scriberet
509 1499 518 1524 ς
543 1489 624 1529 quod
639 1500 701 1519 esse
716 1496 806 1529 caput
821 1488 958 1524 debebat,
976 1488 999 1518 si
1020 1498 1090 1528 pro-

202 1530 267 1561 bari
282 1536 391 1571 posset,
408 1541 559 1571 nusquam
575 1532 686 1572 posuit,
703 1542 763 1561 non
787 1541 848 1562 esse
866 1531 983 1561 malum
1004 1531 1088 1561 dolo-

201 1583 288 1609 rem3
313 1573 375 1609 scd,
398 1574 471 1613 quid
493 1581 577 1610 esset,
599 1580 627 1604 et
648 1575 748 1615 quale,
770 1580 981 1615 quantumque
1007 1574 1037 1603 in
1055 1584 1089 1603 eo

203 1616 311 1646 inesset
337 1616 436 1652 alieni,
464 1617 570 1647 deinde
600 1628 668 1657 quae
694 1617 769 1647 ratio
799 1623 873 1647 esset
898 1616 1086 1657 perferendi:

201 1660 288 1698 cujus
303 1659 424 1699 quidem
443 1659 600 1700 (quoniam
617 1662 735 1690 Stoicus
755 1659 825 1697 fuit)
842 1660 999 1695 sententia,
1016 1668 1087 1689 con-

202 1702 345 1732 demnata
359 1702 435 1732 mihi
451 1702 568 1732 videtur
584 1713 645 1733 esse
659 1703 833 1733 immanitas
848 1702 904 1733 ista
915 1704 1086 1732 verborum.

247 1745 288 1776 X.
313 1745 383 1784 Sed,
399 1751 434 1774 ut
448 1745 572 1786 propius
592 1746 630 1777 ad
645 1756 690 1785 ea,
709 1746 796 1785 Cato,
813 1745 964 1783 accedam,
986 1755 1055 1786 quae
1070 1755 1087 1774 a
