1226 1935
236 92 361 124 Tusc.
378 91 550 131 QUAEs'r.
569 91 647 122 Lm.
666 92 705 122 v.
724 90 807 122 cst.
825 92 854 121 3.
931 91 993 121 253

104 179 192 217 ciliis,
219 179 330 210 deinde
363 178 524 219 conjugiis,
552 184 619 208 tum
644 177 800 208 literarum
828 184 857 208 et
884 186 993 208 vocum

103 223 329 259 communione,
349 222 498 262 junxisti:
524 227 557 251 tu
579 221 730 251 inventrix
745 221 860 257 leffum,
883 226 915 250 tu
929 230 994 250 ma-

102 266 196 306 gistra
216 274 337 296 morum
359 271 388 295 et
408 264 574 305 disciplina:
593 264 686 294 fuisti.
733 246 793 293 Ati⁸
806 270 835 294 te
855 263 994 303 confug-i-

103 319 191 339 mus:
217 320 235 339 a
250 315 279 339 te
294 318 383 349 opem
399 308 550 348 petimus:
576 307 631 337 tibi
646 317 711 343 nos,
727 313 762 336 ut
778 313 866 336 antea
880 306 995 346 magni».

103 362 142 382 ex
157 359 254 392 parte,
271 352 312 382 sic
332 361 414 381 nunc
434 351 566 391 penitus,
589 356 727 391 totosque
747 349 904 379 tradimus.
937 349 994 379 Est

103 401 206 425 autem
230 405 310 424 unus
331 394 404 431 dies,
429 395 508 424 bene
532 399 562 423 et
584 403 622 423 ex
642 392 798 434 praeceptis
818 392 878 422 tuis
897 397 993 429 actus,

103 438 239 479 peccanti
262 437 484 468 immortalitati
509 436 746 476 anteponendus.
780 435 877 475 Cujus
902 435 996 475 igitur

104 481 205 522 potius
231 481 340 522 opibus
366 486 500 517 utamur,
528 489 621 520 quam
652 479 712 509 tuis
723 481 737 509 ?
770 489 839 518 quae
868 484 897 508 et
926 477 996 508 vitae

104 524 354 565 tranquillitatem
377 523 486 564 largita
505 522 591 553 nobis
612 532 654 560 es,
676 528 706 552 et
726 528 869 552 terrorem
889 520 996 551 mortis

107 567 264 598 sustulisti.

146 610 197 641 Ac
212 609 404 651 philosophia
418 608 543 650 quidem
559 614 680 639 tantum
696 608 791 645 abest,
807 613 843 638 ut
857 606 994 648 proinde,

104 664 138 684 ac
153 653 191 684 de
205 653 367 684 hominum
383 659 427 683 est
442 653 504 683 vita
513 652 632 689 merita,
647 651 808 687 laudetur3
833 657 878 688 ut,
900 660 918 680 a
932 651 997 691 ple-

104 697 205 738 risque
220 697 367 737 neglecta,
384 707 403 726 a
417 695 522 725 multis
538 695 629 725 etiam
644 695 840 735 vituperetur.
865 694 997 735 Vitupe-

104 751 170 770 rare
191 740 356 782 quisquam
377 739 446 770 vitae
465 744 634 779 parentem,
657 744 687 768 et
708 738 765 768 hoc
785 737 945 778 parricidio
966 747 997 767 se

103 783 275 824 inquinare,
289 782 402 813 audet?
427 787 456 812 et
467 788 531 812 tam
542 781 636 822 impie
647 781 784 821 ingratus
796 791 869 817 esse,
883 786 917 810 ut
929 790 996 810 eam

104 834 233 863 accuset,
244 836 338 867 quam
347 825 442 855 vereri
451 825 583 860 deberet,
597 824 688 854 etiam
700 824 725 854 si
735 824 837 854 minus
846 824 998 864 percipere

104 869 251 911 potuisset
263 871 276 900 ‚⁹
301 868 372 905 Sed,
385 874 420 898 ut
435 868 552 909 opinor,
565 867 615 897 hic
630 877 721 906 error,
739 874 768 897 et
782 867 847 896 haec
863 866 998 898 indocto-

105 923 175 943 rum
190 912 300 942 animis
315 911 412 942 offusa
431 911 529 951 caligo
549 916 604 948 est,
621 910 704 951 quod
725 916 788 940 tarn
809 910 898 949 longe
918 916 998 941 retro

105 955 250 997 respicere
265 965 326 986 non
341 960 488 996 possunt;
512 964 567 984 nec
582 964 642 991 eos,
659 964 678 984 a
692 953 804 994 quibus
823 952 885 983 vita
899 953 998 984 homi-

104 1010 180 1030 num
197 999 341 1029 instructa
356 998 463 1039 primis
478 997 526 1035 sit,
537 996 630 1027 fuisse
640 996 836 1037 philosophos
848 996 1000 1027 arbitran-

105 1049 165 1073 tur.
183 1042 288 1080 Quam
298 1051 362 1072 rem
372 1040 616 1082 antiquissimam
626 1050 697 1070 cum
707 1039 875 1078 videmnus,
886 1049 998 1071 nomen

106 1092 209 1116 tamen
225 1085 405 1116 confitemur
423 1094 486 1114 esse
501 1094 611 1114 recens.

150 1129 216 1160 ΙΙΙ.
240 1129 325 1159 Nam
341 1127 520 1168 sapientiam
536 1126 661 1168 quidem
682 1126 780 1168 ipsam
800 1127 869 1168 quis
890 1136 1001 1168 negare

105 1178 204 1214 potest
218 1182 279 1203 non
294 1171 386 1202 modo
401 1181 432 1201 re
448 1181 510 1201 esse
523 1170 694 1211 antiquam,
711 1180 817 1201 verum
838 1170 930 1201 etiam
946 1181 1000 1201 no-

106 1216 190 1246 mine
201 1217 215 1246 ἓ
239 1225 308 1256 quae
322 1214 496 1245 divinarum
510 1214 780 1254 humanarumque
794 1223 907 1253 rerum,
932 1219 1001 1245 tum

106 1259 264 1290 initiorum
287 1267 509 1298 causarumque
520 1257 668 1297 cujusque
681 1257 734 1294 rei,
748 1257 929 1297 cognitione,
943 1258 1001 1289 hoc

107 1302 350 1344 pulcherrimum
372 1311 485 1331 nomen
507 1299 590 1340 apud
613 1299 753 1341 antiquos
775 1302 1000 1341 assequebatur.

107 1346 218 1386 Itaque
228 1351 257 1376 et
267 1345 334 1375 illos
343 1349 469 1385 septem,
483 1343 538 1384 qui
548 1354 566 1373 a
579 1343 692 1373 Graecis
706 1349 800 1381 Σοφοι,
815 1345 975 1383 Sapientes
985 1355 1003 1375 a

107 1388 226 1425 nostris,
239 1394 267 1418 et
277 1388 468 1418 habebantur
477 1393 506 1417 et
518 1386 767 1424 nominabantur,
776 1393 806 1416 et
817 1387 922 1417 multis
932 1393 1003 1418 ante

107 1432 224 1463 saeculis
235 1431 425 1472 Lycurgum,
437 1431 539 1469 (cujus
548 1430 735 1470 temporibus
746 1429 901 1460 Homerus
911 1431 1003 1461 etiam

107 1475 200 1506 fuisse
215 1482 285 1505 ante
300 1474 379 1504 hanc
393 1475 502 1504 urbem
517 1473 671 1503 conditam
687 1472 829 1510 traditur)
846 1474 936 1503 ctiam
949 1474 1003 1504 he-

108 1519 196 1549 roicis
217 1518 356 1548 aetatibus
371 1517 515 1557 Ulyssem
537 1522 567 1546 et
586 1516 760 1554 Nestorem,
782 1517 954 1557 accepimus
975 1523 1005 1547 et

108 1562 202 1592 fuisse
217 1567 246 1591 et
261 1560 379 1590 habitos
395 1570 457 1590 esse
472 1559 630 1600 sapientes.
664 1559 731 1589 Nec
746 1569 816 1589 vero
831 1560 923 1590 Atlas
938 1570 1004 1590 sus-

110 1605 205 1635 tinere
221 1604 342 1641 coelum,
359 1613 414 1633 nec
432 1603 632 1633 Prometheus
653 1602 763 1632 affixus
779 1602 927 1639 Caucaso,
949 1613 1005 1633 nee

109 1649 246 1678 stellatus
263 1646 403 1687 Cepheus
423 1656 494 1676 cum
514 1656 621 1683 uxore,
637 1655 758 1685 genero,
776 1645 851 1682 filia,
874 1646 1005 1676 tradere-

108 1697 170 1729 tur,
187 1690 246 1720 nisi
261 1689 427 1720 coelestium
441 1689 546 1719 divina
560 1689 691 1730 cognitio
711 1698 824 1718 nomen
841 1699 945 1719 eorum
967 1689 1005 1719 ad

110 1743 241 1764 errorem
258 1733 371 1763 fabulae
381 1732 573 1762 traduxisset.
597 1732 629 1762 A
642 1731 754 1772 quibus
770 1731 854 1762 ducti
866 1731 1007 1773 deinceps

109 1787 226 1813 omnes,
241 1776 294 1817 qui
306 1776 338 1806 in
351 1785 451 1806 rerum
462 1775 717 1816 contemplatione
728 1775 830 1806 studia
841 1776 1005 1816 ponebant,

161 1820 326 1859 (Plzz‘los.)
346 1827 429 1849 vor.
445 1827 503 1848 111.
728 1827 749 1848 z
