1226 1935
225 88 266 117 88
364 87 426 118 DE
449 87 646 127 FINIBUS,
665 87 743 119 Lm.
761 87 801 119 V.
818 87 901 118 CAP.
918 85 969 118 21.

222 173 350 204 velimus
365 173 450 204 dari:
475 174 567 216 idque
589 175 613 205 si
633 175 757 213 accidat,
779 174 884 205 mortis
904 173 997 203 instar
1018 177 1104 213 pute-

224 226 302 246 mus.

266 259 352 296 Quin
368 259 458 290 etiam
473 260 666 291 inertissimos
681 261 828 297 homines,
846 259 943 289 nescio
964 269 1025 299 qua
1045 257 1106 287 sin-

221 302 320 342 gulari
335 303 470 344 nequitia
485 304 637 344 praeditos,
654 303 790 333 videmus
806 309 906 332 tamen
919 307 947 331 et
962 310 1064 330 ammo
1079 306 1108 329 et

223 355 345 386 corpore
360 346 473 376 moveii
488 357 615 387 semper,
632 352 671 384 et,
685 357 754 376 cum
765 357 796 376 re
808 346 893 375 nulla
904 344 1108 384 impediantur

224 389 381 418 necessari
372 402 398 425 ι,
416 394 469 418 aut
483 390 633 419 alveolum
644 400 772 430 poscere,
786 394 839 418 aut
854 397 986 429 quaerere
1001 396 1108 427 quem-

224 430 307 470 piam
315 431 435 467 ludum,
447 438 499 461 aut
512 442 679 462 sermonem
690 432 822 472 aliquem
838 431 1006 471 requirere3
1024 438 1110 459 cum-

225 484 285 513 que
300 483 360 503 non
376 474 529 504 habeant
522 485 667 515 ingenuas
683 486 720 504 ex
736 474 863 504 doctrin
853 487 870 503 ι
886 472 1108 507 oblectationes,

225 516 351 546 circulos
366 517 427 557 aliq
429 528 483 546 uos
499 523 527 547 ct
543 518 739 547 sessiunculas
754 517 924 547 consectari.
950 516 999 545 Ne
1008 514 1111 544 bestiae

225 559 361 599 quidem,
379 570 453 600 quas
469 560 671 590 delectationis
692 571 782 590 causa
805 559 1023 593 concludimus,
1040 566 1111 587 cum

225 602 372 642 copiosius
393 603 513 632 alantur
537 613 630 643 quam
654 603 677 633 si
700 608 796 632 essent
815 602 928 639 liberae,
951 600 1036 630 facile
1056 610 1111 640 pa-

225 644 343 674 tiuntur
358 655 420 675 sese
435 645 598 675 contineri:
623 651 784 686 motusque
800 645 912 675 solutos
927 649 956 673 et
971 652 1072 683 vagos,
1093 653 1112 673 a

225 686 334 717 natura
349 688 405 717 sibi
422 688 559 725 tributos,
576 688 743 729 requirunt.

268 730 388 770 Itaque,
405 736 440 760 ut
452 730 580 771 quisque
594 732 707 771 optime
722 737 810 761 natus
825 730 1041 769 institutusque
1056 733 1112 766 est,

226 784 288 803 esse
303 773 427 803 omnino
443 774 518 803 nolit
533 774 563 803 in
580 774 652 812 vita,
675 774 710 812 si,
727 773 863 814 gerendis
884 772 1010 813 negotiis
1025 772 1112 801 orba-

226 822 287 853 tus,
304 816 398 857 possit
412 816 607 856 paratissimis
620 817 696 847 vesci
712 817 925 857 voluptatibus.
964 815 1048 845 Nam
1060 819 1113 843 aut

226 859 369 899 privatim
395 859 511 899 aliquid
537 870 638 900 gerere
661 860 802 890 malunt·
794 883 802 895 ,
836 865 899 895 aut,
927 858 979 899 qui
1009 857 1114 887 altiore

226 902 329 931 animo
345 908 425 939 sunt,
448 908 606 942 capessunt
629 903 847 943 rempublicam
868 901 1033 931 honoribus
1054 900 1113 929 im-

227 945 378 985 periisque
393 945 601 985 adipiscendis,
618 952 671 975 aut
686 952 762 976 totos
778 956 808 975 se
824 944 862 974 ad
883 944 982 974 studia
1004 942 1115 972 doctri-

227 998 274 1017 nae
290 987 455 1017 conferunt.
480 988 576 1025 Qua
568 999 599 1018 m
621 987 693 1026 vita,
711 994 829 1018 tantum
845 989 939 1023 abest,
956 992 990 1016 ut
1007 986 1115 1034 volup-

227 1036 302 1060 tates
319 1036 543 1065 consectentur;
569 1031 659 1061 etiam
676 1042 771 1068 curas,
789 1029 1014 1065 sollicitudines,
1038 1028 1115 1068 vigi-

227 1074 282 1103 lias
295 1073 449 1113 perferunt
461 1085 468 1102 :
493 1074 669 1114 optimssque
684 1080 768 1114 parte
783 1073 925 1110 hominis,
937 1083 1006 1113 quae
1017 1071 1048 1101 in
1060 1081 1114 1101 no-

226 1117 272 1146 bis
288 1116 391 1145 (livina
406 1116 543 1146 ducenda
558 1123 611 1154 cst,
629 1117 742 1157 ingenii
757 1122 786 1147 et
801 1116 911 1146 mentis
926 1115 988 1145 acie
1005 1114 1114 1144 fruun-

227 1164 287 1195 tur,
302 1169 355 1188 nee
371 1159 557 1199 voluptatem
573 1160 767 1200 requirentes,
785 1169 839 1189 nec
860 1159 1009 1199 fugientes
1030 1157 1114 1187 labo-

227 1212 300 1231 rem.
327 1202 357 1231 N
360 1212 392 1232 ec
408 1212 477 1231 vero
489 1202 695 1232 intermittunt
706 1209 758 1233 aut
768 1202 997 1232 admirationem
1010 1210 1114 1230 earum

226 1255 327 1274 rerum
344 1255 412 1285 quae
427 1247 551 1275 suntab
572 1245 704 1286 antiquis
724 1251 859 1286 repertae,
882 1250 934 1274 aut
954 1243 1115 1283 investiga-

227 1288 339 1317 tionem
356 1297 523 1317 novarum:
549 1299 609 1329 quo
631 1288 729 1318 studio
751 1298 820 1318 cum
842 1287 942 1318 satiari
963 1296 1023 1316 non
1046 1296 1115 1326 pos-

225 1330 297 1365 sint,
309 1330 447 1360 omnium
457 1337 631 1361 caeterarum
644 1342 743 1361 rerum
754 1331 851 1367 obliti,
862 1330 939 1360 nihil
951 1330 1114 1368 abjectum,

227 1374 303 1403 nihil
327 1373 454 1409 humile,
482 1374 633 1413 cogitant:
670 1380 813 1414 tantaque
835 1380 878 1403 est
893 1373 937 1403 vis
957 1372 1068 1402 talibus
1083 1371 1114 1400 in

227 1416 345 1453 studiis,
363 1422 396 1445 ut
408 1426 457 1446 eos
473 1416 575 1453 etiam,
593 1417 646 1457 qui
659 1417 714 1446 sibi
727 1417 799 1446 alios
811 1422 1031 1457 proposuerunt
1041 1415 1115 1444 fines

227 1460 389 1496 bone-rum,
407 1470 482 1499 quos
505 1460 634 1489 utilitate
657 1466 710 1489 aut
732 1460 884 1499 voluptate
907 1458 1053 1498 dirigunt,
1070 1463 1115 1486 ta-

226 1512 297 1531 men
327 1502 357 1531 in
388 1504 476 1532 rebus
503 1502 682 1542 quaerendis,
714 1501 960 1543 explicandisque
986 1499 1113 1536 naturis,

227 1550 329 1574 aetates
343 1550 493 1574 conterere
509 1545 674 1575 videamus.

270 1587 366 1618 XXI.
391 1587 474 1627 Ergo
489 1587 545 1618 hoc
562 1588 685 1628 quidem
702 1594 836 1629 apparet,
850 1597 904 1617 nos
914 1587 953 1616 ad
963 1586 1115 1626 agendum

228 1641 290 1660 esse
306 1636 399 1659 natos.
422 1631 590 1660 Actionum
606 1637 707 1661 autem
723 1641 833 1671 genera
848 1631 947 1671 plura,
961 1636 994 1658 ut
1010 1630 1116 1659 obscu-

227 1679 331 1703 rentur
357 1673 447 1703 etiam
471 1674 588 1703 minora
618 1675 793 1712 majoribus.
837 1673 988 1703 Maximae
1013 1678 1114 1701 autem

225 1723 310 1755 sunt,
325 1716 460 1757 primum
477 1720 524 1751 (ut
538 1717 614 1747 mihi
630 1717 754 1758 quidem
777 1716 905 1753 videtur,
928 1721 957 1746 et
977 1715 1014 1745 iis
1035 1724 1112 1755 quo-
