1226 1935
196 73 259 104 268
318 73 443 105 TUSC.
460 74 635 114 QUAEST.
654 75 734 106 Lm.
752 75 792 106 V.
810 75 893 106 CAxv.
913 75 961 105 16.

195 160 238 190 ita
253 160 434 200 tenebimus,
450 160 549 192 multa
564 168 663 201 erunt,
680 172 749 203 quae
765 161 851 192 nobis
866 162 946 192 bona
961 158 1087 191 dicenda

197 203 268 233 sint.

238 246 332 277 XVI.
357 246 478 278 Omitto
493 247 632 284 (hvitias3
657 259 744 289 quas,
765 258 836 278 cum
852 247 962 288 quivis,
977 256 1086 287 quam-

195 288 239 318 vis
266 289 420 329 indignus,
440 291 550 321 habere
576 291 679 332 possit,
704 291 735 321 in
757 291 843 321 bonis
865 300 926 320 non
949 300 1085 319 numero.

197 332 291 369 Quod
307 333 388 362 enim
405 340 448 363 est
464 335 510 363 bo
504 344 590 371 mm,
608 334 639 363 id
654 344 714 364 non
731 334 829 375 quivis
849 334 960 363 habere
980 338 1086 373 potest.

198 374 320 405 Omitto
341 376 541 415 nobilitatem,
564 377 740 418 famamque
762 377 952 417 popularem,
981 375 1088 406 stulto-

198 427 268 447 rum
284 419 554 460 improborumque
566 430 711 450 consensu
722 420 892 450 excitatam.
918 419 1005 455 Haec,
1019 429 1088 459 quae

197 467 268 490 sunt
283 462 422 499 minima,
436 469 536 492 tamen
554 464 633 493 bona
648 463 796 499 dicantur,
810 473 927 492 necesse
936 468 999 492 est:
1017 471 1088 491 can-

196 503 294 533 diduli
304 504 417 542 dentes,
435 506 553 535 venusti
568 506 657 542 oculi,
675 506 755 536 color
771 506 881 542 suavis,
904 511 933 535 et
951 515 996 540 ea,
1018 515 1087 545 quae

197 546 350 587 Euryclea
364 547 480 585 laudat,
497 549 601 588 Ulyssi
616 548 706 597 pedes
721 549 858 585 abluens,
871 547 1007 578 lenitudo
1021 558 1088 577 ora-

198 589 298 627 tionis,
327 591 488 621 mollitudo
518 591 657 631 corporis.
696 591 744 621 Ea
770 591 794 621 si
824 592 903 620 bona
929 591 1086 639 ducemus,

199 632 273 673 quid
290 633 345 663 erit
360 633 390 662 in
407 633 579 675 philosophi
594 634 751 674 gravitate,
768 644 861 675 quam
876 633 907 663 in
923 634 1006 674 vulgi
1022 633 1087 673 opi-

195 675 286 705 nione
298 676 522 718 stultorumque
535 676 634 716 turba,
659 677 741 719 quod
757 677 873 708 dicatur
887 682 940 706 aut
954 676 1086 717 gravius,

198 724 252 748 aut
267 719 437 759 grandius?

238 762 285 791 At
311 762 392 792 enim
420 763 525 793 eadem
551 764 645 794 Stoici
672 763 834 804 praecipua,
862 762 910 793 vel
940 762 1087 804 producta

197 804 314 842 dicunt,
332 816 400 846 quae
415 807 495 836 bona
510 806 570 836 isti.
606 807 723 837 Dicunt
738 807 783 836 illi
799 806 942 847 quidem:
968 805 1018 836 sed
1040 805 1088 836 his

198 847 292 877 vitam
318 849 437 879 beatam
461 850 606 890 compleri
632 856 765 890 negant:
790 849 823 879 hi
845 854 947 879 autem
966 849 1029 879 sine
1051 848 1087 878 115

196 900 260 920 0550
286 891 404 921 nullam
427 898 557 933 putant:
583 899 646 930 aut,
671 893 695 923 si
711 893 749 923 sit
763 894 861 929 beata,
883 892 1088 923 beatissimam

197 940 276 964 certe
291 940 411 974 negant.
436 936 502 965 Nos
518 941 620 966 autem
635 937 776 966 volumus
792 935 1015 966 beatissimam:
1040 934 1087 964 id-

196 987 257 1017 que
273 977 358 1007 nobis
375 978 525 1008 Socratica
540 979 594 1008 ill-:i
608 979 797 1009 conclusione
812 978 1014 1008 confirmatur.
1039 978 1089 1008 Sic

197 1020 279 1049 enim
295 1020 432 1061 princeps
448 1021 499 1052 ille
513 1022 712 1062 philosophiae
727 1022 908 1051 disserebat:
943 1024 964 1038 “
978 1020 1089 1058 Qualis

196 1063 345 1103 cujusque
363 1064 457 1094 animi
476 1065 598 1095 affectus
620 1071 705 1103 esset,
722 1065 814 1095 talem
831 1074 892 1094 esse
907 1064 1086 1094 hominem:

196 1106 296 1146 qualis
311 1112 413 1137 autem
430 1107 493 1147 ipse
515 1107 607 1138 homo
628 1115 714 1146 esset,
738 1108 830 1138 talem
849 1108 914 1146 ejus
937 1117 999 1137 esse
1021 1117 1088 1137 ora·

196 1149 331 1179 tionem:
356 1150 483 1180 orationi
502 1156 605 1181 autem
625 1151 705 1181 facta
720 1150 841 1189 similia,
858 1150 944 1180 factis
959 1150 1087 1180 vitam.''

196 1191 336 1222 Affectus
365 1198 467 1223 autem
491 1194 586 1223 animi
612 1194 644 1224 in
668 1195 748 1224 bono
769 1194 832 1223 viro
853 1193 1032 1223 laudabilis:
1057 1198 1086 1223 et

196 1234 258 1264 vita
273 1235 365 1275 igitur
380 1236 540 1267 laudabilis
556 1237 628 1267 11οη1
644 1237 711 1274 viri,
726 1243 755 1266 et
769 1237 895 1266 honesta
910 1246 991 1276 ergO,
1009 1246 1085 1276 quo-

197 1277 281 1307 niam
296 1279 477 1309 laudabilis:
503 1290 539 1310 ex
553 1281 675 1321 quibus,
690 1281 839 1310 bonorum
854 1280 974 1309 beatam
991 1279 1085 1309 vitam

197 1331 272 1357 esse,
290 1322 487 1352 concluditur.

239 1363 375 1401 Etenim,
393 1376 447 1405 pro
464 1365 602 1395 Deorum
616 1371 707 1406 atque
718 1365 879 1395 hominum
893 1365 984 1395 fidem
1000 1365 1008 1394 !
1033 1375 1087 1405 pa-

196 1417 305 1437 rumne
321 1408 476 1456 cognitum
489 1415 533 1438 est
545 1409 748 1449 superioribus
760 1409 867 1438 nostris
877 1408 1087 1448 disputationi-

195 1450 264 1487 bus,
281 1459 319 1480 an
335 1451 538 1481 delectationis
558 1458 587 1481 et
602 1452 655 1481 otii
671 1451 866 1482 consumendi
882 1462 973 1481 causa
993 1451 1087 1481 locuti

196 1503 313 1530 sumus,
325 1494 489 1533 sapientem
506 1496 544 1524 ab
557 1495 640 1524 omni
656 1495 852 1525 concitatione
867 1494 962 1524 animi
979 1498 1085 1535 (quam

196 1536 453 1575 perturbationem
467 1548 484 1566 1
487 1544 552 1574 oco)
566 1548 683 1578 semper
695 1548 712 1567 v
716 1548 819 1567 acare.
813 1539 826 1558 '³
849 1548 967 1578 semper
978 1537 1009 1566 in
1023 1536 1087 1567 ani-

195 1588 247 1608 mo
263 1579 328 1617 ejus
344 1589 405 1609 0550
420 1581 567 1620 placidis-0¹
555 1591 655 1610 uuam
670 1582 804 1621 pacem?
829 1580 867 1610 V‘
861 1591 886 1609 11·
901 1580 994 1620 i‹ritur
1009 1586 1087 1609 tem-

193 1628 327 1661 peratus,
352 1628 500 1660 constans,
523 1623 586 1653 sine
607 1630 702 1659 metu,
726 1623 789 1653 sine
815 1623 1004 1663 aegritudine,
1022 1622 1086 1653 sine

194 1665 347 1694 alacritate
362 1665 437 1703 um,
449 1666 512 1695 sine
523 1666 660 1702 libidine,
678 1676 778 1696 nonne
792 1668 899 1696 beatus
911 1667 923 1696 Ρ
947 1665 993 1695 At
1008 1675 1086 1695 seni-

194 1717 249 1747 per
270 1708 388 1748 sapiens
409 1709 495 1738 talis:
521 1720 639 1749 semper
660 1710 753 1749 igitur
774 1710 888 1739 beatus.
921 1709 995 1738 Jam
1018 1719 1087 1739 vero

195 1751 249 1791 qui
266 1756 363 1791 potest
379 1751 423 1782 vir
439 1753 534 1782 bonus
550 1762 610 1782 non
634 1752 672 1783 ad
693 1752 736 1790 id,
759 1752 841 1793 quod
862 1751 1015 1783 laudabile
1035 1751 1083 1789 sit,
