1226 1935
238 101 297 132 106
378 101 500 133 TUSC.
518 102 690 140 QUAEST.
709 103 787 133 LIB.
805 103 831 133 Ι.
849 103 932 134 CAr.
946 105 976 134 2.

234 186 367 228 profecto
381 193 411 218 et
422 188 530 218 melius
542 194 664 219 tuemur
676 194 705 219 et
716 189 847 219 lautius:
865 199 929 219 rem
942 198 1011 220 vero
1020 188 1123 229 publi-

234 240 301 260 cam
325 231 418 260 nostri
438 232 565 270 majores
586 238 664 262 certe
684 232 859 262 melioribus
880 238 1123 272 temperaverunt

234 278 263 303 et
278 272 423 303 institutis
438 280 467 304 et
481 274 608 314 legibus.
641 274 727 312 Quid
747 275 854 315 loquar
875 274 912 304 de
926 285 957 304 re
972 274 1122 304 militari?

234 315 266 345 in
292 316 353 356 quai
374 327 443 346 cum
466 317 575 347 virtute
596 318 688 347 nostri
709 328 762 347 mu
764 318 843 347 Itum
864 318 1035 355 valuerunt,
1055 323 1123 347 tum

234 359 304 400 plus
326 359 416 389 etiam
441 359 607 400 disciplina.
637 360 711 390 Jam
736 361 799 397 illa,
825 371 894 401 quae
916 360 1036 397 natura,
1062 370 1124 389 non

235 401 340 439 literis,
363 403 489 432 assecuti
510 409 590 440 sunt,
613 413 711 444 neque
726 414 795 434 cum
814 403 932 433 Graecia
947 413 1045 443 neque
1059 402 1126 432 ulla

233 454 305 474 cum
321 452 409 484 gente
433 451 503 475 sunt
524 446 711 476 conferenda.
749 446 829 483 Quae
850 446 931 476 enim
952 452 1036 475 tanta
1056 456 1125 485 gra-

234 487 321 525 vitas,
346 499 415 528 quae
431 494 514 518 tanta
529 489 706 524 constantia,
728 489 907 529 magnitudo
926 488 1032 525 animi,
1054 498 1124 528 pro-

235 530 325 567 bitas,
343 531 427 569 fides,
445 542 513 572 quae
528 537 591 561 tam
604 532 751 562 excellens
764 531 795 561 in
811 531 894 561 omni
906 541 1013 571 genere
1029 531 1124 561 virtus

234 573 267 603 in
291 573 362 603 ullis
382 574 452 612 fuit,
474 580 508 604 ut
532 575 569 604 sit
593 585 663 604 cum
687 575 852 613 majoribus
873 574 981 604 nostris
1003 584 1125 614 compa-

234 616 354 646 randa?
379 616 527 647 Doctrina
543 617 661 647 Graecia
675 627 741 653 nos,
759 623 788 647 et
802 617 887 646 omni
901 617 1057 646 literarum
1073 627 1124 656 ge-

234 668 316 696 nere,
339 661 518 699 superabat:
542 660 574 689 in
596 670 656 701 quo
677 665 739 690 erat
760 659 848 690 facile
867 659 985 689 vincere
1000 669 1060 689 non
1076 669 1123 688 re-

233 708 413 742 pugnantes.
438 703 469 732 N
472 713 534 741 am,
554 713 624 733 cum
639 703 721 743 apud
738 703 859 732 Graecos
875 701 1122 742 antiquissimum

235 744 274 773 sit
298 755 314 774 e
336 744 430 775 doctis
462 756 557 786 genus
592 746 761 786 poetarum,
796 745 945 785 siquidem
972 745 1126 775 Homerus

233 787 304 823 fuit,
329 793 358 817 et
374 787 536 827 Hesiodus,
559 795 627 819 ante
643 789 776 818 Romam
798 788 962 826 conditam,
978 787 1124 818 Archilo-

234 830 309 860 chus
324 837 468 870 regnante
484 832 638 867 R01m1103
663 832 756 861 serius
770 831 919 871 po'e'ticam
936 841 989 860 nos
1005 830 1122 870 accepi-

234 882 324 903 mus:
349 873 435 904 annis
456 875 537 904 enim
558 875 619 905 fere
636 874 699 904 DX
716 881 783 914 post
804 874 937 903 Romam
959 873 1123 911 conditam,

234 916 343 946 Livius
366 916 502 946 fabulam
526 917 619 953 dedit,
643 917 678 947 C.
697 917 837 954 Claudio,
864 916 944 946 Caeci
967 916 1041 953 filio,
1068 916 1118 945 M.

235 959 319 988 'isud
311 964 403 996 tuno,
427 961 611 997 consulibus,
641 970 721 990 anno
745 965 814 989 ante
838 965 945 989 natum
972 958 1123 997 Ennium,

234 1001 289 1041 qui
303 1002 362 1031 fuit
377 1003 476 1051 major
489 1013 507 1032 n
511 1011 574 1040 atu,
592 1013 684 1044 quam
703 1002 831 1032 Plautus
847 1008 876 1031 et
892 1002 922 1031 N
926 1002 1028 1031 mxius.

278 1045 324 1074 II.
349 1047 422 1075 ‚Sero
438 1045 529 1085 igitur
544 1057 562 1075 a
582 1046 689 1075 uostris
705 1048 784 1086 pot-'t‘
786 1056 801 1074 e
820 1045 867 1076 vel
888 1055 919 1074 c«
923 1055 960 1084 gi
965 1045 999 1074 iti
1014 1043 1061 1074 vel
1077 1054 1124 1074 re-

235 1087 321 1127 cepti.
353 1088 553 1128 Quamquam
570 1094 613 1117 est
628 1088 659 1117 in
677 1091 698 1105 ‘⁴
715 1087 780 1117 Ori
774 1087 930 1127 ‘inibusf'
947 1087 1047 1117 solitos
1062 1097 1126 1116 esse

234 1130 266 1159 in
283 1130 378 1170 epulis
400 1141 504 1161 cauere
525 1131 664 1160 convivas
673 1130 723 1160 ad
744 1130 898 1160 tibicinem
919 1130 956 1159 de
971 1130 1121 1160 clarorum

234 1173 396 1203 hominum
420 1173 601 1210 virtutibus3
626 1173 771 1203 honorem
798 1179 898 1203 tamen
925 1173 996 1202 huic
1023 1172 1125 1213 generi

233 1225 295 1246 non
312 1216 413 1255 fuisse,
430 1217 561 1246 declarat
575 1217 669 1246 oratio
686 1216 819 1253 Catonis,
836 1216 867 1246 in
883 1215 944 1256 qil-21
956 1215 1076 1254 objecit,
1090 1220 1126 1244 ut

234 1260 392 1299 probrum,
416 1259 464 1289 M.
483 1259 645 1297 Nobiliori,
662 1259 744 1300 quod
759 1259 784 1288 is
799 1259 830 1288 in
848 1258 1034 1299 provinciam
1052 1261 1124 1298 po&-

235 1308 279 1332 tas
295 1300 438 1332 duxiss'et.
464 1302 603 1332 Duxerat
615 1308 717 1332 autem
730 1302 834 1332 consul
848 1302 900 1331 ille
914 1301 945 1331 111
962 1301 1123 1338 AEtoliam,

233 1350 269 1374 ut
285 1345 407 1382 scimus,
430 1345 578 1375 Ennium.
614 1345 686 1382 Quo
701 1344 802 1374 minus
818 1345 910 1385 igitur
925 1344 1045 1374 honoris
1062 1349 1124 1373 erat

233 1388 342 1428 postis,
367 1398 401 1418 eo
421 1388 539 1418 minora
555 1388 654 1418 studia
669 1388 801 1417 suerunt.
826 1388 856 1417 N
861 1398 893 1417 ec
909 1392 1021 1424 tamen,
1046 1386 1125 1427 siqui

234 1431 353 1471 maguis
375 1431 503 1471 ingeniis
524 1431 555 1461 111
577 1442 611 1461 co
630 1441 738 1471 genere
759 1430 948 1466 exstiterunt,
972 1440 1031 1459 non
1054 1429 1125 1459 satis

234 1475 411 1503 (irim-orum
438 1474 541 1513 gloriae
568 1473 794 1514 responderunt.
826 1473 880 1503 An
907 1482 1073 1511 censemus,
1099 1472 1123 1501 si

234 1516 341 1553 Fabio,
366 1517 552 1547 nebiJissimo
566 1516 694 1553 bamini,
711 1516 795 1546 laudi
810 1515 916 1546 datum
937 1521 1023 1553 esset,
1041 1514 1123 1555 quod

233 1559 381 1600 pingeret,
406 1570 465 1589 11011
482 1560 594 1590 multos
615 1559 706 1589 etiam
727 1559 809 1599 apud
824 1569 877 1588 nos
892 1558 1010 1588 futuros
1029 1558 1123 1598 Poly-

234 1603 325 1632 eletos
337 1609 365 1632 et
384 1602 556 1632 Parrhasios
568 1603 660 1632 fuisse
672 1604 685 1632 Ρ
711 1602 818 1632 Honos
833 1602 886 1631 alit
902 1608 989 1639 anes,
1002 1611 1124 1631 onmes-

234 1656 293 1686 que
305 1645 507 1675 incenduntur
521 1646 559 1675 ad
575 1645 674 1675 studia
689 1645 803 1685 glor-iii:
825 1646 985 1685 jacentque
997 1654 1032 1673 ea
1043 1653 1123 1674 sem-

234 1699 298 1728 per,
331 1699 399 1728 quae
425 1688 507 1728 apud
536 1698 672 1729 quosque
701 1688 921 1727 improbantur.
960 1688 1122 1717 Summam

235 1731 434 1761 eruditionem
451 1731 549 1761 Grzrci
567 1731 656 1760 sitam
671 1732 831 1760 censebant
845 1730 877 1760 in
893 1740 1054 1760 nervorum
1071 1739 1122 1758 vc-

236 1784 367 1815 cumque
382 1774 529 1804 cantibus.
565 1774 665 1815 Igitur
680 1779 710 1804 et
724 1773 965 1814 Epaminondas,
986 1773 1125 1814 princeps
