1226 1935
213 68 276 98 216
340 66 463 99 TUSC.
475 67 647 106 QUAEST.
660 67 739 98 Lm.
752 67 817 99 111.
832 67 915 98 CAP.
926 66 978 97 34.

206 154 307 195 Atqui
325 154 431 195 stirpes
450 160 521 184 sunt
540 154 728 194 aegritudinis
748 165 842 196 quam
863 153 981 187 multae,
1002 159 1097 192 quam

208 197 340 228 amarae!
365 208 445 238 quae,
468 197 533 238 ipso
553 203 659 228 trunco
684 208 796 235 everso,
822 207 926 228 omnes
951 193 1098 225 elidendae

209 247 291 278 sunt,
319 246 359 276 et,
387 240 412 270 si
438 250 555 270 neeesse
585 241 651 278 erit,
679 241 805 280 singulis
832 237 1097 281 disputationibus.

210 284 352 322 Superest
367 283 446 313 enim
463 283 549 313 nobis
564 283 631 321 hoc,
649 284 831 314 cuicuimodi
843 290 897 319 est,
909 282 1015 312 otium.
1040 278 1099 309 Sed

206 326 283 357 ratio
303 336 365 356 una
384 326 523 356 omnium
543 332 587 356 est
607 326 834 365 aegritudinum,
856 327 945 367 plura
964 323 1098 354 nomina.

207 370 293 400 Nam
310 375 339 399 et
353 369 485 399 invidere
506 368 693 410 aegritudinis
713 375 767 407 est,
784 376 813 401 et
835 368 982 404 aemulari,
1000 371 1029 396 et
1043 366 1098 395 ob-

206 418 342 448 trectare,
360 418 388 442 et
403 413 546 446 misereri,
565 413 647 452 angi,
667 413 781 451 lugere,
803 423 938 448 moerere,
961 408 1098 441 aerumn'z't

206 456 295 492 affici,
312 455 483 491 lamentari,
501 455 664 489 sollicitari,
685 456 796 493 dolere,
812 456 843 485 in
864 454 1002 485 molestia
1022 462 1096 488 esse,

207 498 356 535 afflictari,
384 497 548 538 desperare.
585 498 661 528 Haec
682 498 785 528 omnia
809 499 957 528 definiunt
982 495 1096 527 Stoici:

207 552 302 582 eaque
332 542 433 577 verba,
462 551 531 581 quae
557 540 632 577 dixi,
661 541 850 581 singularum
877 551 977 571 rerum
1005 544 1095 573 sunt;

207 594 279 620 non,
305 590 340 613 ut
367 584 518 620 videntur,
545 584 663 613 easdem
690 595 735 614 res
761 584 949 624 significarim
974 582 1024 613 sed
1041 581 1096 611 ali-

207 627 283 667 quid
303 626 465 656 differunt:
491 627 572 667 quod
593 626 652 656 alio
671 627 735 658 loco
751 627 874 657 fortasse
890 625 1094 657 tractabimus.

207 670 269 700 Hae
284 676 355 700 sunt
370 670 430 699 illae
445 669 529 699 fibrae
543 670 695 710 stirpium,
713 681 788 711 quas
803 670 889 700 initio
905 670 980 705 dixi,
996 678 1096 710 perse-

207 713 347 754 quendae,
365 718 394 742 et
409 722 513 742 omnes
529 713 685 749 elidemke,
703 724 740 744 ne
761 714 825 744 ulla
844 723 981 754 unquam
1002 710 1096 753 possit

205 756 354 787 exsistere.
380 755 534 796 Magnum
558 767 645 797 opus,
670 763 698 786 et
724 756 863 787 difficile:
889 756 957 797 quis
983 753 1096 795 negat?

206 799 293 837 Quid
317 804 420 829 autem
445 799 636 839 praeclarum,
664 810 725 829 non
749 800 829 830 idem
855 800 1011 829 arduum?
1036 796 1096 828 Sed

206 849 308 872 tamen
329 842 359 871 id
382 852 412 872 se
432 842 604 872 effecturam
628 842 818 884 philosophia
838 843 1014 881 profitetur:
1040 850 1094 870 nos

207 885 299 915 modo
315 885 499 915 curationem
517 885 581 924 ejus
601 886 789 926 recipiamus.
833 886 950 917 Verum
967 884 1092 926 quidem

207 927 274 959 haec
288 928 442 959 hactenus.
468 928 594 965 Caetera,
612 930 860 971 quotiescumque
870 929 985 965 voletis,
997 934 1025 958 et
1037 927 1094 958 hoe

205 972 271 1003 loco
286 978 315 1002 et
330 971 407 1010 aliis,
423 977 528 1012 parata
543 972 628 1004 vobis
642 979 738 1004 erunt.
