1226 1935
201 112 266 144 210
310 109 438 142 TUSC.
454 109 628 149 QUAEST.
649 110 728 142 11113.
746 112 812 143 ΙΙΙ.
838 112 921 143 ΟΑΡ.
938 113 989 144 29.

201 209 280 238 aegre
295 198 382 235 ferre,
406 197 488 238 quod
503 197 620 238 sapiens
640 207 701 228 non
723 198 780 229 sis:
805 198 887 239 quod
908 198 988 228 idem
1004 199 1091 229 affin-

200 242 303 282 gimus
329 241 400 270 huic
426 240 609 281 aegritudini,
633 241 664 270 in
692 242 753 282 quit
779 242 878 272 luctus
900 242 997 278 inest;
1022 253 1091 283 quae

200 284 340 314 omnium
352 283 488 313 maxima
499 290 552 313 est.
577 284 686 325 Itaque
696 285 885 322 Aristoteles,
899 290 1011 315 veteres
1023 285 1092 325 phi-

200 327 340 368 losophos
356 337 509 364 accusans,
532 327 586 368 qui
602 328 853 358 existimavissent
867 327 1091 369 philosophiam

200 371 261 400 suis
276 370 404 410 ingeniis
424 380 486 400 esse
501 370 676 410 perfectam,
700 371 742 400 ait
762 382 811 401 eos
832 377 884 401 aut
900 371 1091 401 stultissimos

200 419 253 444 aut
268 413 497 454 gloriosissimos
512 413 604 443 fuisse
617 425 624 443 :
650 413 701 443 sed
717 424 746 444 se
762 414 873 452 videre,
890 414 972 454 quod
988 415 1091 454 paucis

200 457 287 487 annis
303 467 415 496 magna
430 456 556 486 accessio
572 456 651 486 facta
667 463 752 495 esset,
777 458 860 487 brevi
876 463 1010 497 tempore
1021 457 1089 498 phi-

198 500 368 541 losophiam
384 500 474 540 plane
489 499 658 529 absolutam
680 500 751 530 fore.
787 500 1016 540 Theophrastus
1037 511 1091 530 au-

200 549 263 573 tem
283 543 414 572 moriens
435 542 588 572 accusasse
603 548 743 572 naturam
758 542 878 579 dicitur,
901 543 982 583 quod
998 544 1091 574 cervis

198 591 228 616 et
249 585 416 616 cornicibus
433 585 526 615 vitam
547 584 735 623 diuturnam,
760 596 891 625 quorum
907 585 937 615 id
953 586 1029 616 nihil
1045 586 1091 616 in-

199 635 340 665 teresset;
369 628 556 664 hominibus,
580 638 711 668 quorum
736 629 871 658 maxime
894 628 1088 667 interfuisset,

199 677 262 702 tam
286 671 429 712 exiguam
452 671 545 701 vitam
569 670 717 701 dedisset:
742 682 872 712 quorum
897 671 921 701 si
942 678 1013 701 aetas
1036 683 1090 713 po-

197 716 303 745 tuisset
315 725 376 745 esse
392 714 596 755 longinquior,
610 714 749 744 futurum
766 715 867 753 fuisse,
885 720 930 751 ut,
947 715 1090 746 omnibus

197 758 336 799 perfectis
358 758 483 795 artibus,
507 757 591 787 omni
607 757 744 787 doctrina
758 758 919 788 hominum
941 758 1002 788 vita
1023 769 1090 788 eru-

198 801 322 831 diretur.
348 801 541 838 Querebatur
558 800 662 841 igitur,
687 811 717 831 se
734 807 811 840 tum,
835 812 904 832 cum
922 801 975 832 illa
990 801 1090 833 videre

197 845 344 885 coepisset,
361 843 524 884 exstingui.

242 887 353 926 Quid?
378 898 415 917 ex
440 887 552 920 caeteris
571 887 758 928 philosophis
782 897 882 917 nonne
902 887 1036 928 optimus
1060 894 1089 918 et

198 931 393 972 gravissimus
414 930 544 971 quisque
563 931 732 967 confitetur,
756 931 854 960 multa
873 941 903 960 se
924 930 1062 970 ignorare
1074 933 1088 962 [²

197 980 227 1004 et
248 974 346 1004 multa
366 974 422 1004 sibi
438 973 529 1003 etiam
544 979 636 1014 atque
651 973 741 1003 etiam
758 984 819 1004 esse
835 973 999 1004 discenda?
1024 974 1054 1004 N
1059 984 1089 1004 e-

195 1028 257 1058 que
273 1024 387 1054 tamen,
411 1027 482 1047 cum
503 1027 533 1046 se
553 1016 585 1046 in
601 1017 702 1046 media
717 1017 845 1047 stultitia
861 1016 936 1057 (qua
951 1016 1028 1046 nihil
1045 1023 1089 1047 est

197 1058 298 1101 pejus)
330 1060 441 1090 haerere
470 1060 652 1100 intelligant,
686 1060 864 1100 {egritudine
897 1066 1087 1100 premuntur.

199 1104 297 1134 Nulla
309 1103 389 1133 enim
402 1103 583 1133 admiscetur
594 1103 696 1143 opinio
712 1103 834 1133 officiosi
845 1102 965 1133 doloris.
989 1102 1087 1142 Quid,

197 1147 251 1188 qui
272 1157 332 1177 non
356 1147 505 1187 putabant
528 1146 697 1186 lugendum
722 1146 816 1176 viris?
840 1146 938 1187 qualis
961 1146 1021 1176 fuit
1045 1146 1087 1184 Q.

198 1190 359 1220 Maximus
372 1189 495 1219 efferens
507 1189 605 1219 filium
618 1189 805 1221 consularem
818 1200 827 1225 ;
845 1189 943 1230 qualis
955 1189 993 1219 L.
1006 1190 1088 1219 Pau-

196 1234 255 1271 lus,
279 1233 398 1263 duobus
422 1232 525 1273 paucis
546 1232 652 1262 diebus
672 1232 789 1262 amissis
807 1232 896 1269 filiis3
918 1232 1016 1273 qualis
1038 1233 1088 1263 M.

197 1277 285 1314 Cato,
310 1282 436 1317 praetore
456 1276 623 1316 designato,
647 1281 768 1305 mortuo
788 1275 870 1311 fih'0;
895 1276 999 1316 quales
1019 1276 1088 1306 reli-

197 1320 261 1360 qui,
279 1330 354 1360 quos
369 1320 400 1349 in
418 1321 440 1336 “
458 1318 690 1349 Consolatione”
714 1318 900 1360 collegimus.
933 1318 1019 1356 Quid
1034 1319 1089 1349 hos

197 1363 281 1392 aliud
302 1362 443 1403 placavit,
461 1361 517 1391 nisi
536 1362 618 1402 quod
638 1362 755 1392 luctum
773 1369 802 1392 et
816 1372 974 1392 moerorem
992 1360 1086 1403 [esse]

198 1416 259 1436 non
275 1407 425 1446 putabant
441 1405 521 1435 viri?
553 1405 637 1445 Ergo
652 1405 695 1442 id,
718 1405 799 1445 quod
820 1405 871 1435 alii
891 1411 1006 1435 rectum
1023 1405 1089 1446 opi-

198 1455 315 1485 nantes,
339 1448 512 1489 aegritudini
528 1458 558 1478 se
578 1449 674 1478 solent
695 1448 812 1488 dedere,
836 1447 867 1478 id
887 1448 909 1478 ii
928 1455 1016 1489 turpe
1031 1459 1088 1489 pu-

198 1497 295 1522 tantes
313 1491 522 1532 aegritudinem
547 1492 744 1532 repulerunt:
768 1502 805 1523 ex
820 1502 881 1532 quo
896 1491 1086 1532 intelligitur,

197 1545 258 1565 non
274 1535 305 1564 in
321 1535 441 1571 natura,
455 1534 506 1564 sed
521 1534 553 1564 in
568 1534 720 1575 opinione,
735 1545 799 1565 csse
814 1535 1035 1574 aegritudinem.

242 1578 371 1608 XXIX.
396 1577 510 1607 Contra
526 1578 668 1610 dicuntur
683 1578 756 1608 haee.
781 1578 859 1616 Quis
872 1584 933 1608 tam
951 1578 1086 1616 demens,

197 1628 232 1651 ut
253 1621 308 1651 sua
332 1621 486 1651 voluntate
508 1626 632 1651 moereat
645 1622 659 1651 Ρ
684 1621 805 1653 Natura
824 1621 911 1651 affert
932 1621 1087 1651 dolorem:

195 1665 246 1694 cui
262 1664 386 1705 quidem
403 1664 543 1701 Crantor,
560 1664 715 1704 inquiunt,
732 1670 831 1694 noster
846 1664 1014 1694 cedendum
1030 1675 1088 1705 pu-

197 1714 259 1738 tat:
285 1708 395 1748 premit
421 1708 515 1745 enim,
541 1714 632 1748 atque
658 1707 761 1744 instat,
786 1717 841 1738 nec
862 1707 957 1737 resisti
978 1713 1085 1747 potest.

198 1751 308 1792 ltaque
324 1750 432 1782 Oileus
447 1751 498 1782 ille
513 1751 596 1792 apud
612 1751 804 1791 Sophoclem,
815 1751 869 1792 qui
885 1750 1086 1781 Telamonem
