1226 1935
264 77 388 109 TUSC.
405 76 577 116 QUAEST.
595 76 674 108 Lm.
688 77 715 108 1.
732 77 816 108 cst.
837 79 884 109 10.
962 81 1022 111 113

125 163 332 205 principatum
347 169 456 194 tenere.
478 162 571 201 Aliis,
582 171 637 194 nec
652 172 702 194 cor
715 163 828 205 ipsum,
842 165 950 205 placet,
961 175 1016 198 nec

125 207 238 237 cerebri
254 207 419 248 quamdam
435 212 563 246 partem,
576 216 639 236 esse
659 207 797 237 animum
811 219 819 237 :
844 208 894 237 sed
915 208 967 238 alii
984 209 1016 240 in

122 249 222 287 corde,
239 250 291 280 alii
311 250 343 279 in
359 250 490 287 cerebro,
507 249 649 279 dixerunt
670 250 764 280 animi
780 260 842 281 esse
862 250 962 281 sedem
985 259 1015 282 et

124 292 237 323 locum.
271 293 425 323 Animum
441 298 543 322 autem
558 292 610 321 alii
625 292 771 330 animam,
788 299 822 323 ut
841 293 903 324 fere
921 295 1014 324 nostri

125 333 294 373 [declarant
308 345 419 366 nomen
431 336 458 376 ε]
476 345 548 364 nam
564 341 593 365 et
605 345 692 375 agere
707 336 852 373 animam,
865 342 894 366 et
911 336 1013 368 efflare

120 377 261 415 dicimus,
279 385 308 409 et
323 379 484 415 animosos,
501 383 530 407 et
545 379 621 408 bene
641 378 799 416 animatos,
813 385 843 409 et
858 390 895 409 ex
916 380 1010 410 animi

118 421 288 451 sententia:
312 421 376 462 ipse
398 427 500 451 autem
519 423 642 450 animus
662 422 700 451 ab
714 421 821 451 anima
837 422 934 453 dictus
955 429 1008 454 est.

117 463 233 494 Zenoni
249 465 350 494 StoIco
365 465 485 494 animus
500 463 578 504 ignis
594 463 721 494 videtur.

159 507 202 537 X.
227 507 286 537 Sed
309 507 374 537 haec
398 506 534 548 quidem,
559 517 628 547 quae
653 506 730 545 dixi,
753 517 814 546 cor,
837 509 1006 547 cerebrum,

114 549 261 587 animam,
272 550 387 590 ignem,
401 550 510 590 vulg03
527 550 644 591 reliqua
658 549 719 580 fere
731 550 853 591 singuli,
867 557 902 581 ut
916 552 1007 582 multi

112 598 183 623 ante
198 599 320 624 veteres.
346 593 490 623 Proxime
504 598 607 623 autem
622 593 836 631 Aristoxenus,
858 594 1004 633 musicus,

111 635 255 676 idemque
281 636 490 677 philosophus,
521 636 615 677 ipsius
645 636 774 677 corporis
803 636 1003 668 intentionem

112 679 291 718 quamdam,
308 679 391 709 velut
406 679 437 709 in
459 685 550 709 cantu
572 685 601 709 et
616 679 737 717 fidibus,
755 690 825 720 quae
844 679 1004 711 harmonia

112 721 240 757 dicitun
258 722 298 753 sic
314 732 351 752 ex
367 722 496 762 corporis
512 722 603 752 totius
618 723 727 752 natura
742 728 771 752 et
786 722 895 763 figura,
907 723 1004 754 varios

110 770 212 795 motus
226 765 307 802 cieri,
321 771 479 806 tamquam
489 765 520 794 in
533 771 623 795 cantu
636 775 732 795 sonos.
757 765 818 796 Hic
829 767 868 796 ab
878 766 1004 797 artificio

109 818 164 837 suo
181 817 241 838 non
257 808 386 845 recessit,
404 814 433 838 et
447 814 550 838 tamen
566 808 644 837 dixit
659 808 787 849 aliquid,
804 809 886 849 quod
898 809 1001 850 ipsum

109 851 200 891 quale
214 857 300 888 esset,
314 857 377 881 erat
391 851 490 881 multo
505 857 574 881 ante
586 856 615 880 et
630 851 746 881 dictum
758 857 787 881 et
802 852 999 892 explanatum

106 903 126 923 a
142 893 279 924 Platone.
312 894 497 924 Xenocrates
518 894 613 924 animi
628 894 770 934 figuram,
788 900 817 924 et
832 895 919 935 quasi
935 906 1000 926 cor-

106 945 176 977 pus,
193 937 315 977 negavit
330 947 411 973 esse3
436 947 542 967 verum
558 946 721 967 numerum
734 937 812 967 dixit
825 948 897 976 esse,
911 939 999 978 cujus

107 979 152 1009 vis
168 983 216 1013 (ut
228 981 293 1019 jam
309 986 397 1010 antea
419 980 602 1020 Pythagorae
621 980 722 1010 visum
742 986 818 1016 erat)
834 981 867 1011 in
886 982 998 1012 natura

106 1023 244 1053 maxima
269 1029 363 1053 esset:
397 1023 461 1062 ejus
488 1023 592 1053 doctor
616 1023 705 1053 Plato
731 1024 881 1064 triplicem
907 1024 998 1055 finxit

107 1065 266 1096 animam·
257 1089 266 1102 ,
295 1067 382 1106 cujus
408 1066 624 1107 principatum,
652 1066 684 1096 id
711 1072 755 1097 est
780 1066 940 1105 rationem,
965 1067 997 1097 in

105 1109 214 1149 capite,
231 1109 308 1139 sicut
328 1109 359 1139 in
382 1119 459 1146 arce,
481 1109 601 1149 posuit·
626 1114 656 1139 et
676 1109 752 1140 duas
771 1115 871 1150 partes
891 1121 997 1159 parere

103 1152 232 1189 voluit,
223 1162 301 1182 iram
313 1158 342 1182 et
354 1152 562 1192 cupiditatem,
575 1163 651 1193 quas
659 1152 732 1182 locis
743 1152 896 1190 disclusit3
919 1153 996 1184 iram

102 1194 134 1224 in
150 1202 279 1235 pectore,
296 1195 494 1236 cupiditatem
509 1196 612 1225 subter
627 1195 802 1236 praecordia,
818 1196 938 1226 locavit.

144 1237 340 1269 Dicaearchus
355 1244 469 1276 autem,
487 1238 518 1268 in
535 1249 569 1268 eo
584 1249 733 1277 sermone,
749 1249 842 1279 quem
855 1239 995 1270 Corinthi

101 1281 241 1311 habitum
264 1281 360 1312 tribus
381 1281 466 1312 libris
489 1281 624 1322 exponit,
649 1281 807 1312 doctorum
829 1282 993 1313 hominum

99 1324 334 1365 disputantium,
361 1325 461 1365 primo
486 1325 564 1354 libro
587 1325 702 1355 multos
722 1325 880 1365 loquentes
901 1325 992 1356 facit:

100 1367 220 1398 duobus
245 1367 456 1398 Pherecratem
480 1368 646 1408 quemdam
671 1368 851 1398 Phthiotam
876 1379 992 1408 senem,

100 1421 193 1451 quem
209 1411 251 1440 ait
270 1421 289 1440 a
304 1411 491 1441 Deucalione
511 1417 624 1448 ortum,
646 1410 841 1441 disserentem
862 1411 991 1450 inducit,

99 1453 176 1483 nihil
191 1464 253 1484 esse
267 1454 392 1484 omnino
407 1454 558 1492 animum,
572 1460 601 1484 et
615 1454 673 1484 hoc
687 1464 750 1485 esse
764 1463 876 1484 nomen
892 1460 992 1485 totum

98 1496 207 1527 inane:
232 1496 404 1538 frustraque
418 1497 563 1527 animalia
583 1502 613 1527 et
634 1497 803 1528 animantes
817 1497 988 1538 appeuari3

99 1549 198 1580 neque
212 1539 244 1569 in
259 1540 384 1570 homine
398 1540 494 1570 inesse
509 1540 649 1571 animum
664 1541 713 1571 vel
727 1540 875 1578 animam,
888 1550 944 1571 nec
958 1541 991 1570 in

96 1582 212 1612 bestiae
228 1583 361 1632 'vimque
375 1593 498 1614 omnem
514 1593 594 1622 eam,
619 1582 680 1625 qua
699 1584 748 1614 vel
763 1593 895 1632 agamus
915 1583 991 1624 quid

97 1626 145 1655 vel
161 1625 335 1664 sentiamus,
346 1626 379 1656 in
394 1627 537 1657 omnibus
552 1627 726 1667 corporibus
741 1627 817 1657 vivis
833 1627 990 1668 aequabili-

96 1674 142 1698 ter
176 1679 238 1699 esse
263 1669 375 1706 fusam,
406 1679 461 1700 nec
487 1670 686 1710 separabilem
716 1681 734 1700 a
763 1680 886 1710 corpore
916 1680 989 1707 esse,

96 1711 212 1753 quippe
227 1723 297 1753 quae
316 1713 403 1744 nulla
418 1713 467 1753 sit,
484 1723 539 1744 nec
554 1713 592 1744 sit
607 1713 790 1786 (1111(1ςιῖ1ξῑ111,
807 1712 865 1743 11151
883 1723 991 1754 corpus

674 1765 694 1786 1.
