1226 1935
263 83 326 115 DE
349 82 547 121 FINIBUS,
564 81 644 114 Lm.
661 81 727 114 III.
745 82 828 114 CAP.
842 83 872 113 8.
973 80 1008 112 11

124 174 281 212 propterea
306 169 400 211 quod,
416 169 448 199 in
473 169 534 199 illis
557 179 626 210 quae
650 174 728 199 recte
750 169 830 200 facta
849 173 930 204 sunt,
952 176 1013 197 non

124 213 314 244 continentur
329 219 431 243 tamen
452 222 557 242 omnes
578 218 687 252 partes,
705 223 720 242 e
736 213 847 253 quibus
868 216 1013 242 constant.

124 256 205 293 Quae
220 262 322 286 autem
338 266 393 286 nos
404 262 457 286 aut
473 259 554 285 rec-ta
570 262 623 285 aut
635 266 684 285 rec
686 258 811 296 tcfinta
826 254 973 290 dicamus,
991 252 1016 282 si

123 299 222 340 placet
237 299 295 333 (illi
310 305 412 328 autem
428 298 582 346 appellant
595 297 723 336 κατοΓΘω
718 303 833 336 gun-0),
844 307 948 327 omnes
958 306 1016 325 nu-

124 351 222 371 meros
237 341 356 372 virtutis
375 341 537 371 continent.
571 341 642 371 Sola
662 340 744 370 enim
765 340 912 381 sapientia
932 339 963 369 in
985 348 1016 369 se

123 390 187 415 tota
202 394 344 415 conversa
358 390 421 414 est·
413 407 422 422 ‚
447 383 529 424 quod
544 383 647 413 idem
640 393 671 413 m
692 383 804 414 caeteris
825 383 939 413 artibus
955 391 1017 412 non

122 427 166 457 fit.

168 470 279 500 Inscite
294 476 395 501 autem
412 469 569 500 medicinae
585 476 614 500 et
628 469 855 510 gubernationis
870 468 1016 498 ultimum

124 523 194 544 cum
210 513 319 543 ultimo
335 513 490 553 sapientiae
516 519 717 553 comparatur.
762 512 916 553 Sapientia
934 511 1015 541 enim

125 562 155 586 01
164 556 259 585 animi
275 556 516 596 magnitudinem
537 555 756 596 complectitur,
774 561 803 585 et
816 554 977 594 justitiam,
989 560 1019 584 et

126 604 161 629 ut
175 599 288 636 omnia,
306 610 375 639 quae
389 599 507 629 homini
522 599 668 636 accidant,
681 598 760 628 infra
770 609 800 628 se
810 609 871 628 esse
880 597 1014 636 judicet:

126 642 208 683 quod
223 642 327 672 idem
321 652 352 671 111
368 641 480 672 caeteris
496 642 611 672 artibus
626 651 686 671 non
708 641 863 682 contingit.
899 641 1019 670 Tenere

126 692 229 715 autem
247 685 370 715 virtutes
386 696 434 715 eas
453 685 543 725 ipsas,
566 695 697 726 quarum
721 684 812 714 modo
832 683 1019 714 mentionem

126 728 194 764 feci,
212 738 301 758 nemo
316 728 436 769 poterit,
450 728 506 758 nisi
523 728 670 764 statuerit,
687 727 764 757 nihil
780 738 852 765 esse,
870 726 952 768 quod
972 725 1020 756 in-

125 771 219 808 tersit,
242 777 295 801 aut
318 771 436 801 differat
458 771 542 800 aliud
563 772 601 801 ab
624 771 694 809 alio,
715 776 823 811 praeter
843 770 969 800 honesta
990 774 1020 799 et

126 814 234 854 turpia.

170 857 339 887 Videamus
359 866 452 893 nunc,
469 867 562 897 quam
579 856 638 886 sint
654 857 796 897 praeclare
810 856 864 886 illa
886 855 932 892 iis,
949 866 1019 896 quae

123 900 189 939 jam
199 900 297 940 posui,
308 900 528 940 consequentia.
547 900 628 930 Cum
639 900 719 930 enim
730 899 787 929 hoc
799 900 836 929 sit
846 905 1018 929 extremum

127 943 231 977 (sentis
243 942 336 979 euim,
354 943 451 979 credo,
469 953 518 972 me
531 944 595 982 jam
613 943 677 979 diu,
694 941 776 983 quod
797 955 828 971 ·r=·
820 949 879 976 >.;0
893 942 1019 971 Graecus

127 986 217 1022 dicat,
235 985 266 1015 id
287 985 384 1016 dicere
404 992 470 1015 tum
487 990 670 1022 ertrcmum,
690 992 756 1016 tum
776 986 935 1021 ultimum,
952 990 1019 1014 tum

126 1040 281 1058 summum
292 1040 302 1057 .·
315 1029 417 1058 licebit
433 1029 522 1058 etiam
529 1031 628 1067 finem
638 1039 692 1069 pro
703 1034 837 1059 extremo
848 1034 901 1058 aut
910 1027 1021 1057 ultimo

127 1071 237 1108 dicere)
254 1081 323 1102 cum
341 1082 411 1112 ergo
426 1071 483 1101 hoc
498 1071 536 1102 sit
552 1078 735 1109 extremum,
752 1076 950 1111 congruenter
966 1080 1020 1100 na-

127 1121 204 1145 turae
233 1115 502 1155 convenienterque
526 1114 625 1145 vivere
638 1126 647 1150 ς
682 1114 846 1145 11000553110
872 1113 1020 1154 sequitur,

128 1167 232 1188 omnes
255 1157 402 1198 sapientes
417 1168 535 1198 semper
550 1157 687 1194 feliciter,
704 1157 852 1194 absolute,
869 1157 1022 1187 fortunate

127 1200 236 1238 vivere,
256 1201 343 1230 nulla
354 1211 385 1231 re
395 1201 546 1241 impediri,
558 1200 644 1230 nulla
652 1200 816 1241 prohiberi,
828 1200 914 1230 nulla
925 1209 1021 1240 egere.

127 1243 220 1281 Quod
232 1250 334 1274 autem
349 1244 492 1281 continet,
501 1254 563 1274 non
573 1244 670 1284 magis
683 1254 750 1274 eam
765 1242 969 1284 disciplinam,
986 1242 1024 1272 de

128 1287 190 1327 qua
204 1287 323 1327 loquor,
334 1297 428 1327 quam
445 1287 539 1317 vitam
555 1287 751 1327 fortunasque
766 1293 893 1322 11051135,
906 1285 950 1318 (id
966 1291 1021 1322 est,

129 1335 175 1366 ut,
192 1330 274 1370 quod
295 1330 456 1360 honestum
473 1330 521 1367 sit,
538 1329 569 1360 id
585 1330 684 1360 solum
700 1331 816 1360 bonum
835 1329 1022 1368 judicemus)

128 1379 226 1421 potest
241 1373 272 1402 id
287 1373 411 1414 quidem
426 1373 503 1410 fuse⁷
521 1379 550 1404 et
566 1373 694 1414 copiose,
711 1379 740 1403 et
755 1372 897 1403 omnibus
909 1371 1024 1402 electis-

129 1415 212 1446 simis
224 1416 343 1464 jerbis,
359 1416 604 1457 gravissimisque
619 1415 784 1452 sententiis,
800 1414 977 1455 [rhetorice]
995 1419 1025 1444 et

129 1458 232 1499 augeri
247 1466 276 1489 et
291 1459 410 1491 ornari:
435 1459 487 1490 sed
502 1459 684 1491 consectaria
697 1469 747 1489 me
766 1459 938 1489 Stoicorum
954 1458 1024 1488 bre-

131 1501 180 1531 via
194 1509 224 1533 et
239 1508 326 1533 acuta
341 1502 499 1533 delectant.

174 1544 273 1575 VIII.
298 1545 531 1576 Concluduntur
545 1546 638 1586 igitur
653 1555 758 1576 eorum
770 1549 950 1585 argumenta
961 1543 1002 1573 sic
1014 1554 1023 1573 ε

133 1586 227 1624 Quod
243 1594 287 1618 est
301 1590 428 1626 bonum,
445 1599 535 1619 omne
556 1588 709 1620 laudabile
731 1594 793 1619 est:
819 1587 901 1628 quod
922 1593 1025 1616 autem

132 1629 285 1665 laudabile
312 1638 366 1668 est,
392 1642 481 1662 omne
505 1632 667 1663 honestum
691 1638 754 1662 est:
789 1632 906 1661 bonum
933 1629 1026 1670 igitur

133 1672 216 1713 quod
228 1679 283 1710 est,
299 1674 460 1705 honestum
476 1682 528 1705 est.
553 1675 671 1706 Satisne
682 1674 739 1704 hoc
754 1674 929 1704 conclusum
943 1672 1026 1702 vide-

133 1717 211 1747 tur?
236 1716 333 1748 eene.
357 1718 452 1756 Quod
473 1718 555 1750 enim
570 1718 754 1750 efficiebatur
770 1727 809 1748 ex
830 1717 878 1748 his
893 1716 1024 1754 duobus,
