1226 1935
227 59 351 91 TUSC.
373 59 546 99 QUAEST.
563 61 642 92 Lm.
660 60 707 92 11.
724 61 807 92 ΟΜ».
829 60 876 91 13.
940 60 999 90 165

155 144 236 175 XII.
261 146 320 177 Sed
336 146 409 187 quid
425 147 521 188 poetis
536 147 693 177 irascimur
705 149 718 176 Ρ
742 147 873 177 Virtutis
887 145 1000 185 magis-

112 187 162 224 tri,
185 188 356 230 philosophi
380 190 494 220 inventi
521 196 602 227 sunt,
624 191 677 231 qui
701 199 857 220 summum
882 190 1000 218 malum

111 229 246 260 dolorem
270 232 410 263 dicerent.
455 233 502 262 At
525 238 558 263 tu
583 233 764 269 adolescens,
791 242 861 262 cum
888 232 919 261 id
945 231 1001 261 tibi

109 273 202 313 paulo
228 280 297 304 ante
320 275 445 305 dixisses
469 276 573 311 videri,
598 283 719 316 rogatus
742 287 760 305 a
782 286 842 313 me,
867 275 998 304 etiamne

111 316 211 354 majus
234 327 327 357 quam
350 318 488 355 dedecus,
508 320 599 349 verbo
621 319 658 349 de
680 318 827 349 sententia
850 317 998 348 destitisti.

109 357 200 398 Roga
214 359 270 390 hoc
285 360 366 391 idem
382 361 572 401 Epicurum:
596 363 696 401 majus
712 362 789 392 dicet
805 371 866 391 esse
881 360 999 390 malum

109 401 292 432 mediocrem
318 404 463 442 dolorem,
485 415 579 445 quam
602 405 774 435 maximum
797 404 943 434 dedecus:
968 403 999 432 in

110 443 176 483 ipso
202 446 282 475 enim
308 446 449 478 dedecore
472 448 547 477 mali
569 448 645 477 nihil
668 458 740 484 esse,
757 447 814 477 nisi
837 452 1001 487 sequantur

109 486 235 517 dolores.
271 488 350 526 Quis
370 490 463 530 igitur
479 490 649 531 Epicurum
666 491 801 531 sequitur
816 489 911 526 dolor,
929 498 1000 518 cum

109 528 166 559 hoc
178 530 278 570 ipsum
294 532 377 568 dicit,
394 543 550 563 summum
566 534 684 563 malum
701 544 762 564 esse
777 533 923 568 dolorem,
940 542 1002 572 quo

109 571 238 603 dedecus
247 575 347 613 majus
357 586 375 605 a
384 576 563 617 philosopho
575 576 696 606 nullum
709 582 848 616 exspecto
859 577 873 605 ?
897 575 1002 612 Quare

110 615 182 645 satis
198 617 274 646 mihi
290 617 408 656 dedisti,
425 629 495 649 cum
512 619 700 660 respondisti,
717 620 817 658 majus
833 618 887 648 tibi
908 617 1002 647 videri

110 658 229 689 malum
245 659 385 698 dedecus,
402 672 495 702 quam
511 661 655 692 dolorem.
680 662 750 692 Hoc
764 662 864 702 ipsum
881 661 962 691 enim
978 660 1003 690 si

112 702 238 740 tenebis,
254 702 415 744 intelliges,
432 715 526 745 quam
539 704 576 734 sit
587 705 792 735 obsistendum
806 704 910 734 dolori.
935 703 966 733 N
970 713 1003 733 ee

111 749 175 774 tam
196 747 395 785 quaerendum
417 754 471 784 est,
493 747 579 777 dolor
599 748 756 777 malumne
777 747 826 785 sit,
843 756 937 788 quam
952 746 1004 776 fir-

111 787 243 818 mandus
258 789 378 820 animus
394 790 431 819 ad
448 790 581 820 dolorem
598 790 766 820 ferendum.

154 830 350 862 Concludunt
365 833 549 863 ratiunculas
559 834 663 871 stoici,
678 844 730 863 cur
740 842 800 863 non
813 832 851 863 sit
861 833 979 862 malum
991 844 1000 863 ε

109 873 196 913 quasi
212 873 248 904 de
263 876 364 913 verbo,
381 886 442 906 non
458 875 495 906 de
510 886 552 913 re,
569 876 730 906 laboretur.
755 876 841 913 Quid
856 886 906 905 me
921 876 1001 906 deci-

110 916 168 957 pis,
183 916 266 947 Zeno
278 919 291 948 ?
315 927 387 948 nam
397 929 467 949 cum
480 919 523 955 id,
536 919 618 960 quod
630 919 706 949 mihi
717 919 859 949 horribile
872 918 1001 956 videtur,

110 965 145 988 tu
161 960 285 990 omnino
299 962 417 991 malum
439 973 501 992 esse
516 972 619 1002 negas,
636 962 754 1003 capiorr,
769 967 798 992 et
813 962 885 991 scire
900 962 1001 1002 cupio,

110 1012 173 1042 quo
193 1003 284 1033 modo
298 1003 340 1041 id,
358 1005 440 1045 quod
462 1016 517 1045 ego
537 1005 742 1035 miserrimum
764 1004 946 1042 existimem,
964 1014 1003 1034 ne

109 1045 228 1075 malum
244 1046 368 1087 quidem
389 1048 435 1078 sit.
471 1048 561 1078 Nihil
582 1054 636 1086 est,
660 1048 771 1089 inquit,
792 1048 922 1084 malum,
944 1047 1001 1077 nisi

111 1088 193 1128 quod
214 1094 302 1130 turpe
322 1098 413 1131 atque
433 1091 574 1121 vitiosum
596 1096 648 1121 est.
682 1091 737 1122 Ad
760 1091 887 1131 ineptias
913 1090 1000 1120 redis.

113 1131 198 1161 Illud
213 1132 306 1170 enim,
323 1133 405 1174 quod
420 1144 470 1164 me
485 1135 626 1174 angebat,
643 1144 704 1164 non
721 1134 838 1164 eximis,
863 1133 931 1163 Scio
948 1133 1002 1163 do-

110 1174 205 1204 lorem
220 1185 281 1205 non
297 1186 358 1206 esse
370 1177 538 1218 nequitiam
552 1188 560 1206 :
585 1177 686 1207 desine
698 1177 729 1207 id
741 1187 791 1207 me
803 1176 906 1207 docere
920 1188 928 1206 ε
944 1176 1003 1206 hoc

109 1217 194 1255 doce,
205 1217 336 1255 doleam,
348 1229 453 1256 necne,
467 1220 544 1250 nihil
555 1220 704 1251 interesse.
729 1221 901 1260 Nunquam
912 1219 1002 1259 quid-

110 1271 216 1301 quam,
233 1261 344 1302 inquit,
361 1263 399 1293 ad
414 1265 500 1293 beate
516 1262 640 1303 quidem
660 1263 836 1299 vivendum,
853 1262 935 1302 quod
957 1268 1001 1292 est

109 1303 142 1332 in
158 1304 220 1334 una
235 1304 346 1335 virtute
360 1306 492 1346 positum
506 1317 514 1335 :
540 1306 591 1336 sed
606 1312 650 1336 est
669 1311 771 1336 tamen
790 1305 998 1344 rejiciendum.

110 1346 175 1376 Cur
188 1348 201 1377 ?
224 1347 381 1388 Asperum
396 1354 451 1388 est,
468 1354 571 1380 contra
580 1354 732 1387 naturam,
747 1348 867 1379 difficile
878 1358 999 1389 perpes-

109 1400 157 1427 su,
174 1390 269 1429 triste,
285 1391 408 1422 durum.

151 1433 252 1463 XIII.
278 1434 354 1464 Haec
369 1441 413 1465 est
427 1434 513 1475 copia
528 1436 700 1473 verborum,
718 1435 800 1476 quod
815 1445 920 1465 omnes
936 1444 997 1465 uno

108 1477 199 1506 verbo
214 1477 332 1507 malum
348 1478 548 1519 appellamus,
564 1478 595 1507 id
611 1484 654 1508 tot
668 1479 767 1508 modis
784 1489 870 1519 posse
891 1478 997 1508 dicere.

109 1518 228 1549 Definis
243 1525 276 1549 tu
292 1520 380 1558 mihi,
397 1531 457 1551 non
473 1521 564 1558 tollis,
581 1521 727 1559 dolorem,
739 1531 809 1551 cum
825 1521 899 1551 dicis
915 1531 1000 1561 aspe-

108 1571 190 1599 rum,
208 1568 311 1592 contra
325 1570 477 1601 naturam,
489 1563 540 1593 vix
555 1564 637 1605 quod
652 1564 723 1594 ferri
738 1564 919 1604 tolerarique
932 1574 1001 1604 pos-

109 1604 166 1634 sit:
191 1614 246 1635 nec
260 1606 396 1636 mentiris
408 1618 417 1643 ;
442 1607 493 1637 sed
507 1617 539 1637 re
553 1608 747 1637 succumbere
757 1617 818 1637 non
831 1608 998 1647 oportebat,

108 1647 207 1678 verbis
229 1648 419 1688 gloriantem,
436 1650 512 1679 dum
532 1650 609 1680 nihil
629 1652 757 1688 bonum,
777 1649 835 1679 nisi
850 1649 931 1690 quod
946 1649 1001 1679 ho.

109 1696 231 1720 nestum
245 1702 254 1727 ;
278 1692 355 1722 nihil
370 1693 499 1729 malum,
515 1693 573 1723 nisi
589 1693 671 1733 quod
686 1700 783 1734 turpe.
809 1692 924 1733 Optare
942 1692 999 1721 hoc

111 1733 235 1774 quidem
257 1740 312 1773 est,
336 1745 396 1766 non
417 1735 530 1766 docere.
564 1736 649 1767 Illud
664 1742 693 1767 et
713 1736 823 1766 melius
838 1741 867 1765 et
882 1735 980 1765 verius
992 1746 1001 1764 ι
