1180 1935
180 118 244 149 364
277 117 338 149 DE
362 117 470 149 NAT.
494 118 631 150 DEOR.
655 118 735 148 Lm.
753 118 798 148 11.
823 117 907 148 CAP.
923 117 976 147 29.

179 214 233 245 per
247 203 345 234 maria
360 203 535 245 Neptunus,
552 204 604 234 alii
617 214 671 245 per
685 203 755 241 alia,
771 209 914 244 poterunt
923 198 1065 240 intelligi,

179 247 245 287 qui,
262 247 426 288 qualesque
440 247 520 283 sint;
542 258 663 288 quoque
679 257 727 277 eos
743 247 865 277 nomine
880 242 1065 275 consuetudo

179 290 409 330 nuncupaverit,
431 290 486 321 hos
507 290 589 320 Deos
610 296 639 320 et
659 290 794 320 venerari
815 295 844 319 et
865 289 959 319 colere
974 286 1065 316 debe-

180 341 259 362 mus.
293 332 402 362 Cultus
423 340 524 363 autem
547 333 684 363 Deorum
705 338 748 363 est
763 332 907 372 optimus,
924 330 1066 369 idemque

181 374 363 405 castissimus
387 381 478 416 atque
502 376 705 406 sanctissimus
728 375 980 416 plenissimusque
1002 371 1066 412 pie-

180 417 261 454 tatis,
289 423 323 447 ut
349 428 397 448 eos
423 429 540 459 semper
565 418 653 459 pura,
681 418 809 458 integra,
837 415 1011 455 incorrupta
1037 418 1068 443 et

181 466 282 490 mente
298 466 326 490 et
341 471 411 491 voce
427 471 612 491 veneremur.
646 461 718 491 Non
737 461 817 490 enim
833 457 1005 500 philosophi
1020 466 1068 486 so-

179 503 258 540 lum,
276 514 380 533 verum
401 504 492 534 etiarn
512 505 641 543 majores
661 504 764 540 nostri,
787 502 1028 543 superstitionem
1049 509 1068 529 a

180 546 325 586 religione
343 553 562 587 separaverunt.
597 547 692 584 Nam,
710 547 763 587 qui
784 552 861 575 totos
881 545 944 574 dies
963 553 1068 584 preca-

180 589 292 619 bantur
313 594 343 618 et
362 589 572 628 immolabant,
589 596 624 620 ut
644 590 690 619 sui
711 589 767 619 sibi
787 588 873 618 liberi
895 586 1068 627 superstites

181 637 290 669 essent,
318 634 523 671 superstitiosi
549 638 620 662 sunt
645 632 811 673 appellati;
847 630 929 672 quod
954 637 1065 659 nomen

180 679 285 714 postea
299 674 388 704 latius
403 675 512 715 patuit.
536 676 600 713 Qui
616 681 718 705 autem
734 674 847 710 omnia,
866 684 934 714 quae
949 672 987 701 ad
1002 671 1067 701 cul-

180 722 249 746 tum
265 716 401 747 Deorum
417 719 610 758 pertinerent,
632 718 792 757 diligenter
812 720 1015 751 retractarent,
1037 718 1068 743 et

180 764 340 800 tamquam
366 761 542 800 relegerent,
570 767 640 791 sunt
663 761 734 790 dicti
757 761 905 799 religiosi,
930 768 966 788 ex
991 757 1067 787 rele-

179 802 290 842 gendo,
316 808 352 832 ut
374 803 524 844 elegantes
545 814 582 833 ex
603 803 752 843 eligendo,
776 808 934 842 tamquam
956 811 974 830 a
996 799 1066 829 dili-

179 845 279 884 gendo
299 845 468 886 diligentes,
492 857 529 877 ex
552 846 748 886 intelligendo
768 845 988 885 intelligentes:
1017 842 1066 872 his

180 888 262 918 enim
288 888 320 917 in
346 889 443 918 verbis
469 890 612 919 omnibus
637 889 715 919 inest
738 888 782 919 vis
805 887 924 928 legendi
946 886 1064 922 eadem,

180 941 250 971 quae
270 930 300 960 in
322 931 469 971 religioso.
502 932 552 962 Ita
566 932 680 961 factum
697 936 740 962 est
760 931 791 960 in
813 929 1016 971 superstitioso
1036 933 1067 957 et

179 973 328 1013 religioso,
349 974 477 1004 alterum
499 974 564 1005 vitii
583 984 705 1012 nomen,
727 974 853 1004 alterum
877 972 983 1002 laudis.
1016 971 1067 1001 Ac

179 1016 256 1045 mihi
282 1016 383 1047 videor
406 1017 489 1056 satis,
515 1022 546 1049 et.
568 1027 629 1048 esse
652 1017 745 1055 Deos,
769 1022 798 1047 et
824 1016 928 1059 quales
955 1019 1064 1053 essent,

179 1059 350 1089 ostendisse.

222 1101 351 1132 XXIX.
374 1103 554 1134 Proximum
571 1108 625 1140 est,
642 1108 677 1133 ut
691 1102 825 1140 doceam,
843 1101 981 1132 Deorum
996 1110 1067 1141 pro-

179 1143 311 1174 videntia
325 1146 476 1175 mundum
492 1146 703 1176 administrari.
732 1146 869 1186 Magnus
885 1154 955 1175 sane
970 1144 1065 1180 locus,

179 1192 208 1217 et
228 1198 246 1217 a
264 1188 378 1227 vestris,
401 1189 500 1227 Cotta,
523 1195 666 1219 vexatus:
692 1200 726 1219 ac
746 1188 892 1218 nimirum
909 1187 1063 1217 vobiscum

179 1240 270 1260 omne
284 1237 433 1261 certamen
450 1238 502 1261 est.
536 1232 621 1262 Nam
643 1232 738 1269 vobis,
755 1231 866 1269 Vellei,
889 1230 991 1260 minus
1011 1239 1066 1259 no-

180 1278 247 1302 tum
274 1279 327 1309 est,
353 1274 612 1315 quemadmodum
637 1275 771 1315 quidque
796 1274 923 1304 dicatur.
956 1273 1066 1303 Vestra

179 1315 261 1345 enim
283 1317 381 1347 solum
402 1318 520 1357 legitis;
550 1324 646 1348 vestra
665 1318 793 1347 amatis:
822 1322 953 1353 caeteros,
975 1315 1066 1346 causa

179 1357 343 1398 incognita,
365 1359 580 1390 condemnatis.
616 1361 711 1391 Velut
734 1371 752 1390 a
776 1366 804 1390 te
828 1360 903 1400 ipso,
926 1359 1066 1388 hesterno

179 1400 238 1437 die,
259 1401 374 1432 dictum
396 1409 450 1439 est,
473 1413 566 1433 anum
588 1403 741 1433 fatidicam
764 1408 897 1441 Προνοιαν
918 1412 936 1432 a
957 1401 1065 1432 Stoicis

178 1443 292 1481 induci,
313 1444 359 1483 [id
374 1451 428 1481 est,
445 1442 681 1487 providentiam]
695 1458 703 1476 ε
728 1445 810 1486 quod
831 1455 866 1474 eo
885 1455 981 1474 errore
997 1444 1066 1473 dix-

178 1485 238 1523 isti,
255 1487 327 1526 quia
343 1488 494 1518 existimas
515 1491 552 1519 ab
574 1489 620 1518 his
642 1489 861 1529 providentiam
882 1487 957 1527 fingi
978 1486 1064 1527 quasi

178 1530 344 1569 quamdam
361 1530 459 1561 Deam
476 1532 671 1572 singularem,
688 1543 757 1572 quae
772 1530 923 1561 mundum
940 1539 1062 1559 omnem

177 1573 336 1612 gubernet,
360 1579 390 1603 et
411 1580 513 1614 regat:
543 1575 594 1605 sed
616 1575 646 1604 id
670 1575 790 1615 praecise
812 1573 940 1608 dicitur;
970 1579 1014 1609 ut,
1038 1572 1063 1602 si

177 1614 246 1654 quis
261 1615 350 1653 dicat,
366 1616 601 1647 Atheniensium
616 1618 834 1659 rempublicam
851 1616 974 1646 consilio
986 1615 1060 1655 regi,

177 1657 254 1687 desit
271 1658 360 1696 illud,
383 1661 406 1677 ‘⁶
417 1659 605 1701 Areopagi.''
637 1660 697 1697 Sic,
720 1671 790 1691 cum
805 1659 944 1695 dicimus,
961 1658 1062 1698 provi-

176 1699 279 1730 dentia
292 1701 444 1732 mundum
454 1703 667 1739 administrari,
679 1703 778 1733 deesse
788 1702 926 1739 arbitror,
944 1704 966 1718 ‘⁶
978 1701 1061 1731 Deo-

177 1744 280 1774 rum.”
312 1744 407 1775 Plene
426 1751 527 1776 autem
550 1752 578 1776 et
598 1746 728 1787 perfecte
748 1746 789 1776 sic
804 1745 862 1776 dici
878 1743 1060 1780 existimato,

175 1786 362 1825 providentia
378 1787 515 1820 Deorum
531 1789 683 1820 mundum
698 1787 911 1820 administrari.
945 1786 995 1817 Ita
1014 1796 1061 1817 sa-

1147 171 1153 441 ι

1148 439 1155 701 1

1168 615 1172 622 ι

1171 850 1175 861 ι
