1226 1935
220 98 344 130 TUSC.
361 97 534 136 QUAEs'r.
553 98 631 129 Lm.
651 98 714 129 111.
733 98 816 129 cm.
836 98 886 128 13.
949 88 1010 127 193·

118 183 180 216 vim
196 185 312 215 sceleris
327 185 417 216 alieni
431 186 444 215 .⁹
469 184 555 222 Quid
567 186 580 215 Ρ
604 184 693 215 illum
707 184 805 215 filium
818 184 896 215 Solis
908 193 1011 214 nonne

116 228 210 269 patris
225 228 320 269 ipsius
335 228 401 258 luce
416 228 578 269 indignum
593 230 708 268 putas?

161 289 183 306 ‘⁶
201 287 355 328 Refugere
367 287 465 318 oculi:
491 298 598 328 corpus
615 288 710 318 macie
726 287 883 318 extabuit:

160 330 320 372 Lacrymae
335 331 476 372 peredere
491 331 619 362 humore
636 341 803 372 exsangues
818 341 930 371 genas:

160 373 228 404 Situ
245 374 357 404 nidoris
373 375 467 404 barba
482 374 601 414 paedore
617 374 750 410 horrida,

160 417 268 458 Atque
283 417 413 454 intonsa,
430 417 560 447 infuscat
575 424 680 458 pectus
696 417 800 447 illuvie
815 414 989 447 scabrum.”

118 487 196 518 Haec
218 488 311 525 mala,
335 498 353 518 o
372 488 547 519 stultissime
570 489 671 526 AEeta,
688 489 752 529 ipse
775 488 831 519 tibi
851 488 1010 523 addidisti3

116 534 190 565 (non
203 531 321 561 inerant
336 532 368 561 in
379 531 438 568 his,
452 543 521 572 quae
537 531 592 562 tibi
607 542 693 562 casus
702 532 870 568 invexerat)
895 538 924 561 et
943 531 1011 572 qui-

114 574 184 605 dem
212 574 376 605 inveterato
397 575 491 612 malo,
514 585 583 605 cum
608 580 710 605 tumor
730 574 826 605 animi
845 574 1009 604 resedisset.

116 616 191 656 [Est
215 623 317 647 autem
344 618 503 658 aegritudo,
521 624 556 648 ut
577 618 701 655 docebo,
719 618 750 648 in
773 618 915 658 opinione
936 618 1010 647 mali

113 660 268 701 recentis]
304 661 364 691 Sed
382 671 489 691 moeres
512 661 650 692 videlicet
669 661 753 701 regni
774 661 932 697 desiderio,
949 670 1010 690 non

116 704 206 734 ffliae:
231 704 318 734 illam
334 704 415 734 enim
427 704 543 741 oderas,
557 711 586 735 et
596 705 664 744 jure
677 704 800 735 fortasse
813 715 821 735 :
846 714 940 744 regno
949 714 1010 734 non

118 757 206 788 aequo
231 747 334 778 animo
353 749 483 778 carebas.
520 747 577 778 Est
602 754 705 778 autem
728 747 890 788 impudens
912 748 1013 777 luctus

115 799 243 820 moerore
267 801 297 820 se
318 790 514 827 conficientis,
535 790 618 832 quod
633 791 782 831 imperare
797 800 858 820 non
873 791 961 821 liceat
975 790 1013 820 li-

116 833 204 864 beris.
230 833 397 874 Dionysius
415 834 538 874 quidem
556 840 714 874 tyrannus,
733 833 888 874 Syracusis
903 834 1013 874 expul-

116 886 178 913 sus,
196 876 336 907 Corinthi
351 887 460 917 pueros
478 877 622 907 docebat:
647 886 744 917 usque
763 887 797 907 eo
819 876 946 917 imperio
965 887 1014 906 ea-

115 929 180 950 rere
195 930 255 949 non
271 926 397 961 poterat.
422 920 593 961 Tarquinio
608 930 678 950 vero
699 919 774 960 quid
790 919 1011 960 impudentius,

115 962 170 1004 qui
193 963 310 993 bellum
333 969 448 1003 gereret
471 973 541 993 cum
564 963 610 999 iis,
631 963 684 1004 qui
708 964 772 1002 ejus
795 973 856 992 non
879 963 1014 993 tulerant

115 1007 289 1046 superbiam
304 1008 317 1037 Ρ
343 1006 386 1043 Is,
403 1017 473 1037 cum
490 1006 606 1036 restitui
620 1006 652 1036 in
673 1016 803 1046 regnum
827 1016 882 1036 nec
898 1006 1006 1036 Veien-

116 1049 195 1079 tium
211 1059 266 1080 nec
283 1049 465 1080 Latinorum
481 1050 572 1079 armis
588 1049 745 1090 potuisset,
763 1049 878 1079 Cumas
894 1059 925 1079 se
940 1059 1011 1079 eon-

118 1092 221 1123 tulisse
242 1093 373 1129 dicitur;
406 1093 500 1133 inque
520 1093 556 1123 ea
578 1094 654 1123 urbe
676 1092 758 1123 senio
781 1099 811 1123 et
833 1092 1014 1133 aegritudine

118 1146 179 1166 esse
194 1136 356 1166 confectus.

161 1178 260 1210 XIII.
286 1179 354 1210 Hoc
367 1185 400 1209 tu
411 1179 504 1219 igitur
516 1189 617 1210 censes
629 1179 756 1220 sapienti
769 1178 902 1209 accidere
914 1189 1012 1219 posse,

115 1227 152 1253 ut
178 1222 355 1263 aegritudine
381 1223 583 1263 opprimatur,
607 1223 639 1252 id
665 1228 719 1259 est,
742 1222 890 1252 miseria?
916 1222 1013 1258 Nam,

123 1275 194 1296 cum
215 1266 313 1296 omnis
330 1266 518 1307 perturbatio
536 1266 658 1296 miseria
678 1271 733 1303 est,
750 1271 817 1295 tum
843 1265 1016 1295 carnificina

123 1314 167 1340 est
182 1309 336 1349 aegritudo.
363 1309 466 1339 Habet
477 1309 614 1339 ardorem
627 1309 733 1345 libido,
744 1308 898 1339 levitatem
911 1308 1017 1338 laetitia

121 1352 262 1393 gestiens,
277 1352 483 1382 humilitatem
506 1358 627 1382 metus:
653 1352 704 1382 sed
727 1351 875 1392 aegritudo
898 1352 1017 1391 majora

122 1395 274 1436 quaedam,
297 1396 410 1433 tabern,
432 1395 611 1432 cruciatum,
637 1395 874 1431 afflictationem,
898 1394 1016 1425 foedita-

122 1444 184 1469 tem
196 1450 204 1468 τ
221 1439 342 1475 lacerat,
356 1444 438 1469 exest
449 1438 601 1476 animum,
615 1438 766 1479 planeque
778 1437 905 1468 conficit.
924 1437 1017 1468 Hanc

121 1482 178 1512 nisi
199 1481 340 1512 exuimus
361 1481 413 1519 sic,
429 1487 465 1512 ut
485 1482 675 1521 abjiciamus,
692 1481 814 1512 miseria
835 1491 934 1512 carere
954 1490 1015 1511 non

120 1535 291 1566 possumus.

163 1568 270 1609 Atque
285 1567 341 1597 hoc
355 1567 480 1609 quidem
494 1567 690 1609 perspicuum
705 1573 760 1605 est,
776 1573 844 1598 tum
861 1565 1016 1607 aegritudi-

122 1621 192 1642 nem
209 1610 360 1648 exsistere,
377 1621 446 1641 cum
462 1611 538 1652 quid
555 1612 598 1641 ita
618 1611 717 1641 visum
739 1611 788 1649 sit,
810 1617 845 1640 ut
865 1620 1015 1650 magnum

120 1654 276 1696 quoddam
291 1654 410 1684 malum
426 1654 528 1685 adesse
543 1660 572 1685 et
587 1656 694 1695 urger'e
710 1654 856 1684 videatur.
880 1653 1018 1693 Epicuro

120 1704 224 1728 autem
239 1698 348 1738 placet,
365 1697 539 1738 opinionem
553 1698 628 1728 mali
644 1697 856 1738 aegritudinem
879 1706 941 1726 esse
963 1706 1018 1725 na-

120 1741 200 1776 tura,
217 1747 252 1771 ut
268 1740 455 1782 quicumque
469 1741 624 1773 intueatur
638 1741 670 1771 in
686 1740 811 1781 aliquod
828 1740 929 1779 majus
949 1749 1021 1769 ma-

167 1784 316 1820 (Philox.)
335 1792 418 1814 voi„
434 1793 491 1815 111.
741 1792 757 1812 S
