1226 1935
201 84 264 114 214
330 83 454 114 TUSC.
468 82 640 121 QUAEST.
654 82 733 113 Lm.
745 83 811 114 111.
823 83 907 114 CAP.
918 83 970 114 33.

201 169 374 207 Cleanthes,
398 168 508 210 suscipi
529 169 693 211 aliquando
716 169 927 210 {egritudinem
947 179 1033 210 posse
1053 179 1091 199 ex

200 223 235 243 eo
250 213 326 253 ipso,
344 213 426 254 quod
448 223 510 243 esse
531 223 688 243 summum
710 213 828 242 malum
845 212 1006 243 Cleanthes
1026 212 1090 252 ipse

199 256 339 286 fateatur.
364 256 450 293 Quid
472 256 553 286 enim
573 256 730 286 dicemus?
753 266 825 286 cum
846 258 982 286 Socrates
1002 255 1090 285 Alci-

197 299 280 329 biadi
299 300 502 340 persuasisset,
529 303 577 333 (ut
601 300 784 340 accepimus)
801 310 871 329 eum
893 299 970 329 nihil
990 298 1091 328 homi-

197 343 244 372 nis
270 353 343 379 esse,
368 353 422 373 nec
449 342 618 384 quidquam
642 343 720 373 inter
746 342 941 372 Alcibiadem
966 351 1087 372 summo

197 385 262 415 loco
278 393 396 423 natum,
415 391 443 415 et
464 386 601 426 quemvis
617 386 768 424 bajulum,
786 385 946 421 interesse3
971 395 1041 415 cum
1058 395 1089 414 se

195 428 371 459 Alcibiades
387 429 553 466 afflictaret,
571 429 803 469 lacrymansque
824 429 938 459 Socrati
959 428 1089 468 supplex

196 477 281 509 esset,
299 478 334 501 ut
349 472 405 502 sibi
421 472 565 502 virtutem
580 472 720 507 traderet,
737 472 1019 512 turpitudinemque
1035 471 1087 501 de-

194 515 319 555 pelleret
332 526 341 550 3
367 515 442 555 quid
459 515 604 551 dicemus,
623 514 771 544 Cleanthe
785 516 798 544 ἶ)
822 515 910 544 Num
926 515 957 544 in
973 514 1026 544 illa
1042 524 1085 549 re,

199 568 268 598 quae
295 558 473 598 aegritudine
500 558 693 587 Alcibiadem
720 557 879 594 afficiebat,
907 557 980 587 mali
1010 557 1087 587 nihil

194 601 287 630 fuisse
299 603 312 631 Ρ
337 600 447 638 Quid?
471 600 524 630 illa
537 600 680 641 Lyconis,
694 600 797 641 qualia
807 606 877 630 sunt
888 600 902 629 ἶ)
925 600 989 641 qui,
1002 601 1088 641 aegri-

196 643 334 673 tudinem
360 650 537 681 extenuans,
565 644 664 684 parvis
689 644 730 673 ait
758 654 824 673 eam
848 645 936 673 rebus
959 643 1085 681 moveri,

194 686 324 716 fortunae
347 693 376 717 et
399 687 529 727 corporis
551 686 761 723 incommodis,
784 697 844 716 non
868 686 963 716 animi
985 686 1084 716 malis.

196 729 281 767 Quid
298 740 368 770 ergo
382 732 395 760 ’ἓ
419 730 508 767 illud,
525 730 607 770 quod
623 730 798 760 Alcibiades
814 730 945 767 dolebat,
968 739 1027 759 non
1048 740 1086 759 ex

194 773 289 802 animi
304 773 393 803 malis
409 773 548 813 vitiisque
564 774 718 803 constabat
732 775 745 803 Ρ
769 773 823 802 Ad
838 772 965 814 Epicuri
981 782 1085 803 conso-

194 816 338 846 lationem
355 816 425 846 satis
441 822 484 846 est
499 822 568 846 ante
584 816 709 846 dictum.

238 859 406 889 XXXIII.
432 860 482 889 Ne
503 859 556 889 illa
581 859 705 899 quidem
725 858 887 889 consolatio
911 859 1085 889 firmissima

194 908 249 939 est,
278 913 466 943 quamquam
497 908 526 932 et
556 903 666 932 usitata
696 909 750 939 est,
779 908 807 932 et
838 913 915 942 szepe
940 902 1080 943 prodest:

195 947 217 962 “
235 946 307 975 Non
325 946 378 975 tibi
394 946 450 976 hoc
465 946 553 975 soli.'⁷
578 945 703 975 Prodest
718 945 783 975 haec
798 945 934 986 quidem,
952 952 985 975 ut
1006 945 1082 983 dixi,

194 989 245 1018 sed
266 999 322 1019 nec
342 999 471 1029 semper,
494 999 547 1018 nec
568 989 730 1018 omnibus:
756 995 826 1018 sunt
846 988 938 1025 enim,
961 989 1015 1029 qui
1037 999 1083 1018 re-

192 1038 322 1072 spuant:
349 1032 399 1061 scd
414 1032 515 1068 refert,
533 1042 594 1072 quo
616 1032 707 1061 modo
728 1032 915 1061 adhibeatur.
941 1032 984 1062 Ut
1000 1031 1081 1061 enim

192 1075 296 1104 tulerit
306 1075 434 1115 quisque
450 1085 553 1105 eorum
567 1074 619 1115 qui
630 1075 778 1115 sapienter
791 1075 936 1111 tulerunt,
948 1084 1008 1104 non
1021 1085 1082 1115 quo

190 1118 319 1158 quisque
340 1118 531 1148 incommodo
556 1118 679 1148 affectus
699 1118 747 1154 sit,
779 1117 1005 1157 praedicandum
1027 1123 1081 1147 est.

192 1161 356 1202 Chrysippi
372 1161 447 1191 ratio
462 1161 500 1190 ad
516 1161 672 1191 veritatem
688 1160 860 1190 firmissima
875 1166 938 1196 θεῖς
955 1161 994 1190 ad
1007 1167 1083 1190 tem-

190 1215 248 1244 pus
264 1204 450 1244 {egritudinis
467 1204 605 1233 difficilis.
631 1203 785 1243 Magnum
798 1214 874 1243 opus
887 1209 941 1239 est,
955 1205 1082 1244 probare

188 1247 337 1283 moerenti,
351 1247 439 1277 illum
456 1257 509 1277 suo
523 1247 648 1286 judicio,
663 1252 691 1276 et
704 1246 786 1287 quod
798 1257 828 1276 se
843 1247 885 1276 ita
897 1252 983 1287 putet
992 1257 1079 1287 opor-

183 1295 247 1320 tere
257 1290 363 1327 facere,
377 1300 509 1320 moerere.
535 1290 693 1319 Nimirum
705 1289 808 1330 igitur,
822 1296 856 1319 ut
868 1290 899 1319 in
910 1290 1006 1320 causis
1017 1300 1078 1320 non

189 1343 307 1374 semper
332 1333 447 1363 utimur
471 1333 577 1363 eodem
601 1338 680 1362 statu
706 1332 760 1366 (sic
785 1333 866 1363 enim
891 1333 1080 1373 appellamus

188 1376 459 1407 controversiarum
481 1381 616 1416 genera),
634 1376 685 1405 sed
701 1376 739 1406 ad
755 1381 886 1416 tempus,
903 1377 941 1406 ad
957 1382 1075 1406 contro-

189 1420 292 1449 versiae
307 1425 458 1457 naturam,
476 1419 515 1449 ad
530 1429 700 1459 personam,
718 1418 1000 1456 aee0nm10damus;
1024 1419 1076 1458 sic,

188 1461 220 1492 in
243 1462 421 1502 {egritudine
442 1462 592 1500 lenienda,
616 1472 711 1503 quam
736 1462 865 1503 quisque
889 1462 1076 1493 curationem

187 1505 317 1546 recipere
332 1505 436 1546 possit,
453 1505 618 1535 videndum
634 1511 687 1536 est.

229 1549 300 1584 Sed,
318 1548 415 1578 nescio
436 1559 496 1589 quo
512 1554 610 1589 pacto,
628 1550 665 1578 ab
683 1558 717 1578 eo
733 1547 815 1588 quod
836 1553 898 1578 erat
918 1559 936 1578 a
956 1553 985 1578 te
1005 1558 1075 1589 pro-

186 1592 331 1632 positum,
348 1591 496 1622 aberravit
511 1592 614 1622 oratio.
639 1591 690 1621 Tu
702 1592 782 1621 enim
798 1591 835 1621 de
848 1592 979 1632 sapiente
992 1602 1075 1632 quae-

185 1635 295 1671 sieras;
320 1635 368 1665 cui
388 1640 440 1664 aut
460 1635 577 1664 malum
598 1634 692 1665 videri
717 1635 838 1664 nullum
862 1640 970 1675 potest,
991 1634 1074 1675 quod

186 1683 271 1708 vacet
296 1677 504 1719 turpitudine3
534 1684 587 1708 aut
610 1677 652 1707 ita
675 1688 803 1718 parvum
828 1678 957 1715 malum,
983 1683 1018 1707 ut
1043 1677 1075 1707 id

183 1722 329 1751 obruatur
344 1721 501 1762 sapientia,
519 1721 631 1762 vixque
651 1726 811 1761 appareat;
836 1721 889 1761 qui
910 1720 985 1751 nihil
1007 1720 1072 1761 opi-

185 1764 274 1795 nione
294 1764 419 1805 affingat
438 1770 632 1805 assumatque
652 1763 690 1794 ad
711 1764 943 1804 aegritudinem3
966 1773 1021 1795 nec
1041 1763 1072 1793 id
