1226 1935
190 87 250 118 158
316 85 441 118 TUSC.
458 85 631 124 QUAEST.
645 85 725 116 Lm.
742 85 789 116 ΙΙ.
813 85 897 117 CAP.
913 86 944 116 4.

186 172 333 214 cupidum
355 172 447 203 fuisse
465 172 557 210 vitaeg
580 177 683 202 tamen
705 171 902 211 objiciebatur
920 171 1075 202 interdum

189 216 292 247 animo
318 221 418 246 metus
443 214 570 256 quidam
596 221 625 246 et
647 215 742 253 dolor,
762 215 916 255 cogitanti,
935 215 999 245 fore
1021 215 1078 245 ali-

187 259 310 300 quando
335 259 428 289 finem
449 259 543 298 hujus
560 258 648 295 lucis,
671 264 701 288 et
721 258 912 289 amissionem
936 257 1076 288 omnium

187 302 258 333 vitae
281 301 520 333 commodorum.
554 301 623 332 Hoc
643 310 751 341 genere
770 301 916 331 molestiae
930 300 971 331 sic
987 300 1079 334 (mihi

189 345 288 383 crede)
306 355 376 375 sum
393 345 548 383 liberatus,
570 350 606 375 ut
623 344 701 375 nihil
716 343 818 374 minus
833 344 1004 374 curandum
1018 354 1082 385 pu-

193 393 267 418 tem.

232 433 376 462 Marcus.
400 430 535 461 Minime
548 430 663 460 mirum
678 429 710 460 id
725 429 858 471 quidem.
885 430 970 460 Nam
989 429 1080 460 efficit

188 474 246 505 hoc
271 474 482 516 philosophia:
505 473 645 504 medetur
666 473 786 512 animis,
809 473 913 503 inanes
935 472 1082 503 sollicitu-

189 517 274 548 dines
298 517 439 554 detrahit‚
460 516 676 557 cupiditatibus
697 516 816 553 liberat,
837 516 924 556 pellit
947 515 1080 546 timores.

192 560 252 591 Sed
273 561 338 591 haec
360 561 425 599 ejus
444 559 488 590 vis
503 569 564 589 non
579 559 661 589 idem
675 564 774 599 potest
788 559 871 599 apud
885 569 989 588 ornnes
1003 570 1011 588 ι
1036 564 1083 588 ta-

192 613 264 633 men
278 604 358 634 valet
372 603 519 639 multum,
536 612 607 632 cum
625 607 669 632 est
687 601 828 632 idoneam
849 601 1008 642 complexa
1028 611 1085 632 na-

193 652 304 676 turam.
342 645 448 676 Fortes
463 645 546 675 enim
566 655 627 675 non
647 644 740 675 modo
760 644 882 674 fortuna
896 644 1031 683 adjuvat,
1047 650 1084 674 ut

194 694 238 719 est
252 688 284 718 in
299 694 398 718 vetere
412 688 581 729 proverbio,
605 687 657 718 sed
671 688 770 718 multo
788 687 886 728 magis
905 687 992 724 ratio,
1015 697 1087 728 quae

193 731 378 780 quibusdam
393 730 480 771 quasi
498 731 654 772 praeceptis
675 731 832 761 confirmat
851 730 913 760 vim
931 729 1088 760 fortitudi-

194 774 251 805 nis.
276 774 325 804 Te
340 779 450 804 natura
467 774 620 804 excelsum
641 774 806 822 quemdam
826 773 975 810 videlicet,
997 779 1027 804 et
1041 773 1086 803 al-

193 823 272 855 ‘oum
280 823 309 847 et
317 817 454 847 humana
463 816 689 857 despicientem7
700 817 826 858 genuit:
841 816 944 857 itaque
955 815 1060 846 facile'
1052 826 1085 846 1n

195 861 298 891 animo
312 860 384 890 forti
397 865 502 890 contra
515 866 646 891 mortem
660 860 764 890 habita
778 859 888 890 insedit
898 859 1002 889 oratio.
1027 859 1088 889 Sed

196 903 262 934 haec
284 903 390 934 eadem
409 913 486 933 num
506 913 607 934 censes
627 903 710 944 apud
731 913 780 934 eos
802 903 881 944 ipsos
903 903 1013 941 valere,
1030 902 1088 932 nisi

196 947 364 977 admodum
378 956 501 987 paucos,
517 957 536 976 a
550 946 662 987 quibus
679 946 813 983 inventa,
834 945 997 986 disputata,
1018 955 1089 976 con-

197 990 307 1030 scripta
322 995 413 1019 sunt.
407 991 420 1011 ⁹
445 989 567 1037 Quotus
590 989 671 1020 enim
695 989 824 1030 quisque
838 988 1089 1041 philosophorum

195 1033 361 1070 invenitur,
377 1032 430 1073 qui
446 1033 483 1062 sit
498 1032 540 1062 ita
554 1038 700 1071 moratus,
717 1032 759 1062 ita
774 1032 876 1062 animo
891 1041 926 1061 ac
940 1031 1003 1061 vita
1018 1041 1091 1061 con-

198 1076 332 1113 stitutus,
360 1080 395 1105 ut
417 1075 493 1105 ratio
515 1076 675 1116 postulat?
699 1075 752 1116 qui
776 1074 967 1115 disciplinam
988 1084 1087 1111 suam,

198 1129 260 1149 non
276 1118 508 1149 ostentationem
523 1118 665 1157 scientiae,
683 1118 735 1148 sed
754 1118 853 1158 legem
873 1117 953 1154 vitae,
975 1123 1062 1158 putet
1073 1119 1088 1148 ?

197 1162 251 1202 qui
273 1163 460 1202 obtemperet
485 1161 549 1202 ipse
573 1161 641 1198 sibi,
666 1167 696 1192 et
719 1160 843 1191 decretis
869 1160 931 1191 suis
955 1161 1087 1200 pareat?

197 1205 311 1235 Videre
330 1205 400 1235 licet
420 1204 494 1234 alios
514 1204 600 1236 tanta
620 1204 742 1235 levitate
762 1210 792 1234 et
807 1203 980 1244 jactatione,
996 1203 1033 1233 iis
1054 1208 1090 1234 ut

196 1247 290 1278 fuerit
312 1257 374 1278 non
394 1247 532 1278 didicisse
553 1247 686 1283 meliusg
710 1247 783 1278 alios
801 1246 936 1288 pecuniae
951 1246 1088 1287 cupidos,

197 1291 301 1331 gloriae
315 1291 489 1327 nonnullos,
506 1291 620 1321 multos
639 1290 803 1321 libidinum
822 1300 941 1325 servos3
965 1295 1002 1319 ut
1019 1300 1090 1319 cum

198 1344 304 1364 eorum
319 1333 382 1364 vita
397 1333 575 1364 mirabiliter
589 1339 707 1374 pugnet
723 1333 817 1364 oratio
831 1345 838 1363 :
863 1332 946 1374 quod
965 1332 1090 1373 quidem

197 1377 276 1407 mihi
291 1376 409 1407 videtur
424 1387 486 1407 esse
502 1377 722 1418 turpissimum.
760 1376 806 1407 Ut
825 1376 918 1414 enim,
935 1375 971 1413 si,
987 1385 1091 1416 gram-

197 1420 346 1450 maticum
370 1430 401 1450 se
422 1419 584 1460 professus,
609 1419 760 1461 quispiam
784 1420 911 1450 barbare
933 1419 1088 1459 loquatur,

201 1469 254 1493 aut
269 1463 293 1493 si
309 1463 437 1493 absurde
452 1468 540 1493 canat
554 1463 591 1501 is,
607 1463 661 1504 qui
677 1473 707 1493 se
720 1462 825 1493 haberi
839 1462 912 1493 velit
926 1462 1090 1500 musicum,

199 1505 257 1536 hoc
269 1506 385 1546 turpior
401 1506 449 1543 sit,
467 1506 549 1546 quod
564 1506 596 1536 in
608 1516 643 1536 eo
652 1506 717 1546 ipso
728 1511 841 1547 peccet,
855 1506 941 1545 cujus
952 1504 1095 1545 profitea-

200 1554 252 1579 tur
267 1548 421 1579 scientiam
435 1559 444 1584 3
469 1549 510 1579 sie
524 1549 734 1590 philosophus,
750 1549 782 1578 in
797 1548 912 1578 ratione
934 1548 1004 1578 vitae
1023 1557 1094 1588 pec-

202 1601 284 1630 cans,
305 1592 362 1622 hoc
378 1592 493 1632 turpior
509 1598 563 1629 est„
581 1592 663 1632 quod
678 1592 709 1621 in
726 1591 834 1627 officio,
850 1592 937 1630 cujus
951 1590 1095 1631 magister

202 1645 265 1665 esse
280 1635 357 1671 vult,
373 1635 497 1672 labitur,
515 1640 672 1675 artemque
686 1635 755 1665 vitae
767 1634 928 1675 professus,
945 1634 1095 1674 delinquit

201 1677 234 1707 in
250 1677 323 1708 vita.
348 1677 496 1708 Auditor.
522 1678 635 1708 Nonne
649 1677 815 1709 verendum
829 1677 933 1718 igitur,
947 1677 972 1707 si
983 1681 1027 1707 est
1038 1677 1092 1713 ita,

201 1726 237 1751 ut
265 1720 350 1759 dicis,
381 1731 420 1752 ne
448 1720 673 1763 philosophiam
702 1720 780 1752 falsa
808 1720 905 1762 gloria
940 1728 1065 1752 exornes
1077 1721 1093 1751 ἲ
