1226 1935
249 332 312 374 M.
328 334 523 378 TULLII
557 337 877 395 CICERONIS,

539 453 589 476 DE

135 520 492 574 FINIBUS
544 528 986 580 BONORUM

328 634 413 675 ET
446 635 786 689 MALORUM‚

536 740 586 762 AD

420 811 692 858 BRUTUM,

338 899 501 930 LIBER
530 899 774 933 TERTIUS.

488 1027 608 1054 -ψ-

146 1141 173 1173 Ι.
196 1142 466 1173 VOLUPTATEM
483 1141 619 1183 quidem,
639 1142 747 1181 Brute,
770 1142 795 1173 si
814 1141 880 1185 ipsa
894 1156 949 1187 pro
965 1157 996 1178 se

100 1185 254 1227 quuatur,
277 1196 331 1216 nec
352 1191 415 1215 tam
436 1186 601 1226 pertinaces
622 1186 732 1216 habeat
751 1193 903 1227 patronos,
923 1200 994 1220 con-

100 1239 250 1260 cessuram
266 1229 404 1264 arbitror,
421 1229 589 1259 convictam
610 1230 762 1269 superiore
782 1230 871 1267 libro,
893 1232 994 1273 digni-

99 1273 163 1302 tati.
186 1272 310 1302 Etenim
323 1272 361 1301 sit
370 1271 543 1311 impudens,
555 1271 579 1301 si
592 1272 695 1301 virtuti
704 1273 819 1302 diutius
830 1282 991 1315 repugnet,

98 1321 151 1345 aut
176 1315 200 1344 si
224 1315 356 1345 honestis
377 1314 514 1353 jucunda
537 1320 711 1354 anteponat,
737 1321 790 1345 aut
810 1316 906 1356 pluris
929 1329 992 1349 esse

97 1358 258 1388 contendat
278 1357 468 1388 dulcedinem
492 1357 622 1398 corporis
647 1358 832 1395 titillantem,
858 1369 895 1389 ex
918 1361 992 1392 eave

96 1408 200 1431 natam
215 1401 363 1438 laetitiam,
381 1411 475 1441 quam
490 1401 669 1441 gravitatem
685 1400 791 1438 animi,
811 1408 904 1442 atque
919 1414 990 1434 con-

95 1444 247 1475 stantiam.
280 1444 384 1481 Quare
404 1443 489 1473 illam
511 1443 635 1484 quidem
657 1443 858 1481 dimittamus,
879 1452 909 1475 et
926 1447 989 1478 suis

95 1498 125 1517 se
140 1487 251 1517 finibus
267 1493 366 1516 tenere
383 1486 557 1525 jubeamus,
580 1496 618 1516 ne
629 1486 784 1517 blanditiis
803 1488 867 1526 ejus
888 1488 988 1520 illece-

93 1530 214 1571 brisque
228 1530 412 1570 impediatur
429 1529 604 1570 disputandi
619 1530 768 1560 severitas.

135 1573 344 1610 Quaerendum
365 1578 410 1602 est
430 1572 523 1609 enim,
540 1572 593 1602 ubi
613 1572 651 1602 sit
665 1572 742 1602 illud
757 1583 915 1604 summum
931 1576 986 1605 bo-

90 1625 178 1652 num,
195 1615 276 1656 quod
297 1616 425 1656 reperire
445 1615 606 1651 volumus;
631 1615 777 1655 quoniam
799 1621 828 1646 et
845 1617 985 1658 voluptas

89 1660 128 1688 ab
144 1669 178 1689 eo
193 1664 308 1688 remota
322 1664 376 1695 est,
393 1664 422 1688 et
437 1658 542 1688 eadem
561 1658 622 1688 fere
643 1664 745 1688 contra
766 1668 814 1688 eos
835 1659 894 1690 diei
913 1671 984 1701 pos..

89 1707 170 1738 sunt,
188 1701 242 1742 qui
257 1701 436 1731 vacuitatem
454 1700 565 1731 doloris
579 1702 672 1731 finem
688 1703 838 1732 bonorum
854 1712 915 1732 esse
932 1714 983 1733 vo-

88 1745 219 1775 luerunt.
253 1744 319 1774 Nec
337 1754 406 1774 vero
423 1744 466 1774 ita
480 1744 580 1775 ullum
595 1745 740 1786 probetur
754 1755 912 1776 summum
928 1747 982 1776 bo-

131 1788 280 1823 (Philus.)
304 1795 388 1817 VOL.
406 1796 464 1817 111.
701 1796 720 1817 B
