1226 1935
206 67 265 99 130
330 68 453 101 TUSC.
470 68 643 107 QUAEST.
660 67 740 101 Lm.
762 67 789 101 1.
806 66 890 100 CAP-
906 66 959 103 27.

201 152 249 189 lit,
268 159 303 184 ut
320 155 423 186 omnia
443 166 561 197 supera,
584 154 690 194 infera,
714 154 824 195 prima,
843 152 964 193 ultima,
975 151 1088 191 media,

204 196 384 228 videremus.

247 239 373 271 Prorsus
388 241 452 271 haec
466 241 568 272 divina
582 240 659 270 mihi
675 240 792 270 videtur
812 240 868 278 vis,
890 249 959 280 quae
979 243 1024 268 tot
1045 247 1092 268 res

202 281 322 319 efficiat,
340 289 369 313 et
384 290 491 314 tantas.
526 284 611 322 Quid
627 289 670 314 est
686 283 766 313 enim
782 283 928 313 memoria
943 291 1044 311 rerum
1060 286 1090 310 et

202 326 388 357 verborum?
412 327 486 368 quid
510 337 598 368 porro
622 326 779 356 inventio?
802 326 935 366 profecto
958 324 1001 362 id,
1029 333 1091 363 quo

203 377 257 397 nec
281 368 313 398 in
337 369 404 400 Deo
429 370 598 410 quidquam
616 370 716 408 majus
735 369 864 409 intelligi
887 372 992 409 potest.
1017 367 1092 396 Non

202 410 284 440 enim
295 413 446 442 ambrosia
458 413 552 449 Deos,
569 418 622 442 aut
643 421 771 449 nectare,
788 418 841 442 aut
855 412 1022 441 «Iuventate
1037 419 1092 449 po-

202 454 271 483 cula
300 455 500 492 ministrante,
527 455 623 485 laetari
648 455 794 485 arbitror:
833 464 887 484 nec
918 453 1092 483 Homerum

201 496 304 534 audio,
324 498 377 538 qui
397 498 609 538 Ganymedem
631 508 649 527 a
670 497 739 527 Diis
764 503 885 538 raptum
905 497 948 526 ait
970 501 1093 536 propter

203 539 345 578 sormam,
376 547 411 571 ut
438 542 511 571 Jovi
538 541 640 571 bibere
670 540 860 570 ministraret.
910 539 983 569 Non
1011 539 1095 576 justa

202 591 304 618 causa,
321 593 374 612 cur
390 584 592 613 Laomedonti
607 588 691 613 tanta
700 583 784 613 fieret
798 582 919 621 injuria.
943 581 1095 620 Fingebat

203 624 268 654 haec
290 624 465 662 Homerus}
500 632 530 656 et
552 626 689 655 humana
712 625 750 655 ad
778 625 860 655 Deos
887 623 1094 655 transferebat.

204 667 319 697 Divina
331 669 455 698 mallem
467 668 505 699 ad
521 679 584 699 nos.
609 668 689 706 Quae
698 674 801 698 autem
816 668 918 698 divina
932 669 945 697 ἓ
970 667 1092 706 Vigere‚

203 720 316 750 sapere,
334 711 478 749 invenire,
494 711 676 742 meminisse.
700 711 784 751 Ergo
796 711 927 747 animus,
946 709 1045 750 [qui,]
1059 713 1095 738 ut

203 763 260 792 ego
290 753 367 791 dico,
395 754 516 785 divinus
539 760 594 789 est,
619 760 654 784 ut
680 753 842 794 Euripides
869 753 960 783 audet
985 752 1094 786 dicere,

205 795 310 826 Deus:
335 803 364 826 et
389 797 524 838 quidem,
537 798 561 827 si
583 797 667 827 Deus
685 803 738 827 aut
756 797 858 826 anima
875 801 928 826 aut
945 795 1023 835 ignis
1039 799 1095 831 est,

204 838 285 868 idem
302 845 345 869 est
360 840 480 870 animus
495 840 636 871 hominis.
670 840 767 878 Nam,
784 846 818 869 ut
833 839 886 869 illa
905 844 1014 868 natura
1036 847 1095 867 coe-

204 881 286 912 lestis
302 888 331 912 et
346 883 424 912 terra
439 889 525 913 vacat
540 889 569 913 et
586 883 725 919 humore,
748 883 789 913 sic
807 882 964 922 utriusque
984 881 1095 910 harum

205 934 307 954 rerum
328 925 481 956 humanus
502 926 622 956 animus
641 931 686 956 est
711 935 826 966 expers,
850 925 905 954 Sin
928 929 1030 953 autem
1052 928 1097 952 est

204 967 312 1007 quinta
327 968 467 1008 quaedam
489 974 598 999 natura
615 970 653 998 ab
673 968 838 998 Aristotele
861 967 995 1005 inducta,
1019 965 1098 1006 [pri-

204 1011 308 1051 mum]
321 1011 385 1041 haec
400 1017 430 1042 et
442 1011 580 1042 Deorum
596 1018 640 1042 est
656 1016 685 1041 et
697 1011 878 1041 animorum.

247 1053 395 1084 XXVII.
421 1054 512 1084 Hanc
537 1064 591 1084 nos
616 1054 797 1084 sententiam
824 1052 927 1090 secuti,
954 1052 1001 1083 his
1025 1050 1098 1092 ipsis

204 1096 302 1126 verbis
317 1097 349 1126 in
366 1099 387 1114 “
400 1097 634 1127 Consolatione‘'
650 1097 714 1127 haec
730 1096 930 1137 expressimus
943 1106 951 1125 z
978 1097 1000 1113 “
1015 1094 1097 1124 Ani-

204 1147 327 1169 morum
351 1140 437 1170 nulla
462 1140 494 1170 in
518 1140 603 1171 terris
627 1140 712 1180 origo
731 1139 859 1170 inveniri
880 1144 996 1179 potest:
1021 1137 1099 1168 nihil

203 1181 285 1212 enim
306 1188 350 1212 est
372 1183 404 1213 in
425 1183 534 1213 animis
559 1183 694 1213 mixtum
721 1188 812 1223 atque
836 1187 1020 1218 concretum,
1042 1185 1097 1210 aut

203 1225 286 1265 quod
306 1235 344 1255 ex
367 1226 449 1256 terra
473 1232 580 1256 natum
604 1232 696 1266 atque
719 1226 825 1256 fictum
852 1235 913 1255 esse
933 1224 1093 1259 videatur;

204 1267 281 1297 nihil
297 1277 335 1298 ne
350 1274 403 1298 aut
425 1269 590 1299 humidum
613 1268 749 1310 quidem,
771 1274 824 1298 aut
846 1267 958 1306 flabile,
978 1272 1032 1296 aut
1052 1266 1098 1306 ig-

203 1320 307 1340 neum.
332 1311 392 1342 His
419 1311 500 1342 enim
526 1312 559 1342 in
583 1312 699 1342 naturis
721 1311 800 1341 nihil
820 1311 908 1348 inest,
931 1309 1014 1351 quod
1034 1309 1098 1339 vim

204 1354 370 1391 memoriae,
386 1355 508 1393 mentis,
520 1354 719 1395 cogitationis,
732 1354 862 1390 habeat;
887 1353 970 1395 quod
979 1358 1008 1383 et
1019 1362 1097 1393 prae-

203 1395 291 1426 terita
306 1402 415 1435 teneat,
433 1403 462 1428 et
477 1397 581 1428 futura
595 1395 761 1438 provideat,
778 1402 807 1427 et
822 1395 990 1437 complectiv
1003 1395 1097 1436 possit

204 1440 385 1480 praesentia3
410 1451 479 1481 quae
506 1441 569 1471 sola
592 1440 695 1470 divina
719 1445 798 1470 sunt.
838 1440 906 1470 Nec
928 1438 1099 1469 invenietur

203 1492 353 1523 unquam⁷
378 1483 459 1513 unde
485 1483 523 1513 ad
546 1483 702 1513 hominem
724 1483 826 1513 venire
853 1482 978 1523 possint,
998 1481 1055 1511 nisi
1079 1491 1098 1511 a

204 1525 282 1555 Deo.
309 1526 477 1566 Singularis
501 1532 545 1557 est
560 1527 653 1568 igitur
668 1526 809 1567 quaedam
825 1532 934 1555 natura
949 1530 1040 1565 atque
1052 1524 1096 1554 vis

203 1568 310 1606 animi,
327 1570 462 1608 sejuncta
476 1571 514 1600 ab
526 1569 573 1599 his
588 1569 704 1600 usitatis
720 1569 860 1609 notisque
875 1568 1001 1598 naturis.
1034 1567 1094 1605 Ita,

203 1611 353 1652 quidquid
366 1618 409 1642 est
424 1612 513 1649 illud,
527 1612 609 1653 quod
626 1612 725 1649 sentit,
742 1612 825 1653 quod
841 1611 929 1652 sapit,
946 1610 1028 1651 quod
1050 1610 1095 1639 vi·

203 1654 257 1689 vit,
275 1655 356 1695 quod
372 1655 462 1695 viget,
479 1656 595 1686 coeleste
610 1661 640 1685 et
660 1655 798 1685 divinum
815 1660 881 1690 est3
906 1655 943 1683 ob
965 1662 1095 1693 eamque

203 1707 279 1737 rem,
295 1703 442 1729 oeternum
459 1699 507 1738 sit,
524 1707 643 1730 necesse
659 1703 712 1730 est.
748 1698 780 1729 N
784 1707 816 1729 ec
831 1707 901 1729 vero
915 1696 1003 1728 Deus
1017 1696 1092 1737 ipse,
