1180 1935
163 73 225 105 DE
249 75 357 106 NAT.
382 75 519 107 DEOR.
544 76 624 107 Lm.
642 76 689 107 ΙΙ.
714 76 799 107 ΟΑΡ.
819 77 869 107 16.
907 78 972 110 353

80 159 181 201 viget;
205 172 324 193 necesse
344 168 400 201 est,
417 162 500 203 quod
520 163 634 193 animal
656 163 688 193 in
709 174 744 193 co
765 162 919 204 gignatur,
940 163 973 194 id

81 210 111 234 et
140 214 228 235 sensu
258 205 414 243 acerrimo,
451 211 480 236 et
514 206 683 236 mobilitate
712 206 868 236 celerrima
898 217 972 237 esse.

82 247 197 285 Quare,
223 259 294 279 cum
319 248 351 278 in
375 249 486 279 aethere
510 255 589 279 astra
611 249 788 289 gignantur,
816 255 973 279 consenta-

82 299 174 320 neum
192 298 246 329 est,
262 292 294 322 in
309 291 345 322 iis
361 302 483 322 sensum
498 293 594 322 inesse
609 298 639 321 et
654 292 887 332 intelligentiam
900 303 909 327 ς
934 303 972 322 ex

82 343 144 373 quo
160 334 298 372 efficitur,
315 335 346 364 in
359 335 497 365 Deorum
510 345 638 365 numero
650 340 730 364 astra
745 346 807 365 esse
823 335 971 365 ducenda.

125 376 219 407 XVI.
243 378 369 408 Etenim
389 378 459 408 licet
475 378 575 409 videre
590 378 724 408 acutiora
739 378 871 418 ingenia,
889 384 917 408 et
933 378 972 408 ad

81 419 315 461 intelligendum
331 421 457 462 aptiora,
475 432 580 451 eorum
596 421 649 462 qui
665 427 757 451 terras
775 421 908 451 incolant
924 432 973 451 eas

81 462 114 492 in
130 464 240 503 quibus
256 468 307 494 a'e'r
322 465 360 494 sit
375 475 469 504 purus
486 475 520 495 ac
535 464 645 501 tenuis,
665 474 756 504 quam
779 464 902 494 illorum
919 464 973 504 qui

82 511 208 536 utantur
223 518 319 538 crasso
335 508 408 538 coelo
424 513 515 548 atque
530 513 676 538 concreto.
701 507 892 545 Quinetiam,
906 507 973 537 cibo

82 559 144 589 quo
165 556 260 587 utare,
277 550 418 581 interesse
433 550 549 591 aliquid
565 550 603 580 ad
619 550 729 580 mentis
744 550 838 580 aciem
854 556 973 590 putant.

83 591 245 623 Probabile
267 599 310 623 est
335 594 439 634 igitur,
466 599 659 634 praestantem
683 593 916 634 intelligentiam
940 593 972 622 in

82 635 231 666 sideribus
246 647 319 674 esse,
337 647 406 677 quae
427 643 456 666 et
476 637 636 667 aetheream
658 636 767 666 mundi
787 645 904 677 partem
926 635 973 665 in-

82 678 195 717 colant,
206 686 235 709 et
246 680 370 709 marinis
381 680 565 720 terrenisque
576 679 767 716 humoribus,
778 680 870 719 longo
881 679 975 709 inter-

83 721 163 752 vallo
186 723 365 760 extenuatis,
388 723 517 753 alantur.
550 724 680 753 Sensum
701 728 804 752 autem
822 728 973 752 astrorum

83 770 175 805 atque
194 765 427 806 intelligentiam
449 767 583 796 maxime
605 766 736 796 declarat
759 765 831 795 ordo
854 775 971 803 eorum,

82 813 174 848 atque
196 809 372 840 constantia.
408 809 497 839 Nihil
520 815 564 840 est
585 809 677 847 enim,
703 808 785 849 quod
807 809 922 838 ratione
943 814 973 838 et

83 861 211 882 numero
231 853 345 883 moveri
365 853 458 893 possit
479 853 542 883 sine
560 852 695 889 consilio,
712 852 744 881 in
759 862 820 892 quo
836 851 913 881 nihil
929 857 974 882 est

83 895 290 933 temerarium,
316 895 394 925 nihil
418 896 548 932 varium,
574 895 651 925 nihil
677 895 846 925 fortuitum.
886 894 973 925 Ordo

83 944 186 968 autem
213 938 357 976 siderum,
386 945 415 969 et
440 939 473 969 in
497 938 581 969 omni
605 938 771 968 aeternitate
793 938 972 976 constantia,

82 991 182 1022 neque
203 988 344 1012 naturam
365 982 513 1023 significat
534 985 592 1016 (est
612 981 693 1012 enim
714 981 805 1022 plena
823 981 972 1019 rationis),

82 1034 182 1066 neque
200 1024 366 1064 fortunam,
389 1036 469 1066 quae,
491 1025 589 1055 amica
609 1024 756 1061 varietati,
774 1024 974 1054 constantiam

82 1068 206 1108 respuit.
231 1068 375 1109 Sequitur
387 1079 468 1108 ergo,
482 1075 517 1098 ut
530 1069 596 1109 ipsa
612 1068 666 1098 sua
682 1073 798 1109 sponte,
816 1078 870 1098 suo
885 1078 975 1098 sensu

83 1122 118 1142 ac
134 1111 301 1150 divinitate,
318 1118 506 1142 moveantur.
540 1112 571 1142 N
576 1122 608 1142 ec
624 1122 692 1142 vero
713 1111 892 1141 Aristoteles
913 1121 974 1140 non

83 1154 255 1184 laudandus
277 1155 308 1184 in
332 1165 378 1192 eo,
397 1154 481 1196 quod
502 1155 616 1192 omnia,
638 1165 707 1195 quae
726 1159 898 1193 moventur,
921 1161 975 1184 aut

83 1197 194 1227 natura
214 1198 328 1228 moveri
348 1198 474 1235 censuit,
497 1204 550 1228 aut
572 1198 612 1236 vi,
635 1204 688 1228 aut
709 1197 883 1234 voluntate3
908 1207 975 1227 mo-

84 1240 147 1271 veri
162 1246 265 1271 autem
281 1241 385 1279 solem,
403 1248 432 1271 et
451 1242 570 1280 lunam,
593 1247 622 1271 et
643 1241 739 1271 sidera
759 1240 881 1271 omnia:
906 1251 976 1281 quae

84 1289 187 1314 autem
210 1284 320 1314 natura
341 1291 545 1322 moverentur,
571 1284 636 1315 haec
660 1290 713 1314 aut
735 1283 867 1324 pondere
890 1284 976 1314 deor-

85 1337 166 1364 sum,
183 1334 236 1357 aut
247 1327 368 1358 levitate
379 1328 410 1357 in
423 1328 564 1366 sublime,
578 1327 665 1363 ferri3
686 1337 817 1368 quorum
830 1333 976 1357 neutrum

85 1370 172 1400 astris
198 1370 381 1411 contingere,
405 1377 563 1412 propterea
586 1371 669 1411 quod.
691 1381 796 1401 eorum
819 1376 920 1401 motus
942 1370 975 1400 in

85 1415 191 1444 orbem
206 1413 458 1444 circumferretur.
487 1415 518 1444 N
522 1424 554 1444 ec
569 1424 638 1444 vero
653 1414 712 1444 dici
727 1419 836 1454 potest,
854 1414 883 1444 vi
899 1413 977 1454 qua-

86 1456 158 1487 dam
172 1458 287 1496 majore
302 1457 377 1495 fieri,
395 1464 429 1487 ut
448 1464 551 1488 contra
570 1463 712 1487 naturam
733 1462 812 1487 astra
831 1467 975 1486 movean-

86 1505 155 1530 tur:
181 1511 250 1541 quae
265 1500 346 1530 enim
362 1506 460 1541 potest
474 1502 572 1540 major
587 1502 674 1531 esse?
699 1501 805 1530 Restat
820 1500 923 1540 igitur,
940 1504 976 1529 ut

85 1549 187 1573 motus
211 1549 360 1573 astrorum
385 1544 423 1573 sit
447 1543 645 1574 voluntarius.
684 1543 764 1581 Quae
788 1543 841 1583 qui
863 1542 974 1579 videat,

86 1595 147 1616 non
173 1586 291 1616 indocte
317 1587 429 1623 solum,
457 1597 562 1617 verum
587 1587 678 1617 etiam
703 1586 796 1627 impie
822 1586 922 1621 faciat,
950 1585 976 1615 si

86 1628 168 1659 Deos
189 1640 251 1659 esse
266 1637 364 1670 neget.
398 1630 464 1660 Nec
480 1641 551 1660 sane
566 1631 701 1660 multum
716 1630 849 1666 interest,
870 1634 976 1658 utrum

86 1671 119 1701 id
145 1678 243 1713 neget,
270 1683 309 1703 an
334 1684 382 1704 eos
408 1673 493 1703 omni
514 1673 724 1714 procuratione
746 1679 837 1713 atque
859 1671 976 1701 actione

85 1715 201 1756 privet:
226 1716 303 1747 mihi
318 1716 411 1757 enim,
428 1717 482 1759 qui
497 1717 574 1748 nihil
594 1716 669 1756 agit,
691 1726 753 1746 esse
773 1714 898 1746 omnino
913 1724 976 1745 non

610 1762 631 1790 2
648 1769 674 1790 11
697 1759 718 1789 3
