1226 1935
259 78 385 110 TUSC.
405 77 580 118 QUAEST.
599 77 678 109 Lm.
696 78 742 110 II.
760 79 844 111 CAP.
861 80 891 110 4.
963 78 1024 114 157

131 166 232 197 dicant
254 172 283 197 et
304 165 378 206 quid
401 165 530 196 sentiant
546 165 566 195 ii
583 165 636 206 qui
656 172 727 196 sunt
742 167 780 196 ab
796 165 831 196 ea
847 165 1019 207 disciplina,

131 220 222 240 nemo
251 209 440 239 mediocriter
463 208 587 249 quidem
608 208 713 239 doctus
733 209 859 249 ignorat.
898 209 1020 247 Quam-

129 254 245 290 obrem,
259 252 415 293 quoniam,
428 251 686 291 quemadmodum
697 251 809 289 dicant,
826 252 883 293 ipsi
899 262 958 282 non
975 252 1021 281 la-

129 296 256 331 borant;
281 305 334 326 cur
349 294 468 335 legendi
484 294 555 329 sint,
572 294 629 324 nisi
645 295 716 335 ipsis
731 295 810 325 inter
824 306 855 325 se
870 295 924 335 qui
938 295 1020 325 idem

131 339 274 375 sentiunt,
292 347 352 368 non
368 336 514 377 intelligo·
540 337 635 374 Nam,
649 344 684 367 ut
696 338 856 368 Platonem
872 338 1021 378 reliquos,

129 392 189 422 que
215 381 389 417 Socraticos,
415 386 444 410 et
462 380 601 428 deinceps
620 391 669 410 eos
692 381 745 421 qui
767 382 805 411 ab
825 381 872 411 his
893 380 1019 421 profecti

127 430 209 462 sunt,
231 425 336 465 legunt
359 433 475 460 omnes,
498 423 589 453 etiam
612 423 665 463 qui
685 423 738 453 illa
756 429 809 453 aut
827 433 888 454 non
909 434 1018 464 appro-

127 468 212 504 bant,
229 473 283 498 aut
293 477 353 497 non
366 466 582 496 studiosissime
593 472 823 502 consectantur;
848 466 1019 507 Epicurum

128 517 242 546 autem,
259 516 288 541 et
307 509 533 545 Metrodorum,
550 519 611 539 non
634 509 696 539 fere
713 516 822 550 praeter
842 520 911 539 suos
935 510 1022 550 quis-

127 564 221 594 quam
232 553 263 583 in
278 562 388 583 manus
403 552 516 588 sumit,
541 552 582 582 sic
597 552 652 582 hos
662 552 810 582 Latinos'
803 553 824 583 1i
834 553 889 582 soli
904 553 1018 593 legant,

127 597 180 638 qui
209 596 263 626 illa
291 601 370 626 recte
393 595 452 625 dici
475 600 594 636 putant.
634 595 732 626 Nobis
758 602 861 626 autem
886 596 1016 633 videtur,

125 639 275 681 quidquid
298 638 392 669 literis
412 637 585 675 mandetur,
602 638 633 668 id
656 639 861 669 commendari
877 639 1017 668 omnium

123 683 310 713 eruditorum
325 681 446 712 lectioni
462 681 584 711 decere:
609 691 675 719 nec,
693 682 717 711 si
729 682 787 722 ipsi
797 682 900 712 minus
912 691 1018 712 conse-

123 726 177 767 qui
197 735 369 767 possumus,
385 724 496 754 idcirco
518 724 620 755 minus
641 724 673 754 id
694 725 738 755 ita
754 725 928 756 faciendum
952 735 1015 755 esse

124 769 280 800 sentimus.

167 812 276 853 Itaque
291 810 368 841 mihi
389 820 507 851 semper
529 809 799 852 Peripateticorum
824 811 1017 842 Academiae-

123 865 184 896 que
199 854 394 891 consuetudo,
411 854 448 883 de
460 854 602 884 omnibus
617 856 706 885 rebus
722 855 753 884 in
770 855 932 885 contrarias
948 865 1018 895 par-

122 904 166 929 tes
188 898 362 934 disserendi,
379 906 440 927 non
467 898 506 927 ob
527 907 594 927 eam
620 907 741 927 causam
763 898 862 928 solum
886 898 1013 938 placuit,

122 941 205 983 quod
219 941 305 971 aliter
319 950 380 970 non
396 946 506 980 posset,
523 940 597 981 quid
613 940 644 970 in
663 941 850 982 unaquaque
865 951 896 970 re
912 940 1016 970 verisi-

120 985 194 1015 mile
209 991 294 1021 esset,
307 983 435 1014 inveniri
447 995 454 1013 :
480 983 531 1013 sed
547 983 637 1013 etiam
651 984 733 1024 quod
745 991 820 1014 esset
832 994 867 1014 ea
876 984 1014 1014 maxima

120 1027 239 1058 dicendi
255 1026 427 1057 exercitatio
441 1037 450 1062 ;
475 1026 537 1067 qua
552 1027 691 1068 princeps
706 1037 778 1057 usus
794 1034 838 1057 est
860 1027 1013 1057 Aristote-

119 1071 173 1108 les,
190 1070 298 1101 deinde
314 1079 385 1100 eum
400 1070 454 1110 qui
468 1070 562 1099 secuti
585 1076 664 1100 sunt.
699 1070 813 1100 Nostra
828 1075 931 1100 autem
947 1080 1013 1100 me-

120 1113 217 1144 moria
241 1113 342 1150 Philo,
359 1123 451 1154 quem
467 1122 521 1143 nos
536 1112 709 1154 frequenter
723 1113 908 1149 audivimus,
925 1113 1012 1143 insti-

120 1157 179 1187 tuit
203 1156 262 1187 alio
284 1162 419 1197 tempore
442 1156 598 1186 rhetorum
621 1163 772 1197 praecepta
795 1156 922 1194 tradere,
951 1156 1012 1186 alio

119 1199 379 1242 philosophorum.
417 1199 471 1229 Ad
487 1209 580 1240 quam
596 1210 651 1229 nos
666 1199 915 1230 consuetudinem
932 1210 950 1229 a
964 1199 1011 1229 fa-

118 1243 287 1273 miliaribus
301 1242 409 1273 nostris
429 1242 563 1279 adducti,
588 1242 619 1273 in
641 1243 829 1280 Tusculano,
854 1242 937 1284 quod
957 1242 1012 1272 da-

118 1293 185 1316 tum
201 1292 244 1316 est
259 1285 401 1326 temporis
416 1285 538 1323 1101115,
530 1295 562 1315 111
578 1296 612 1316 eo
624 1286 854 1316 consumsimus.
887 1286 1010 1326 Itaque,

118 1339 186 1360 cum
204 1335 273 1359 ante
282 1328 439 1359 meridiem
449 1328 572 1359 dictioni
584 1339 707 1370 operam
717 1329 902 1360 dedissemus
919 1329 1010 1362 (sicut

118 1372 214 1413 pridie
239 1372 430 1410 feceramus),
461 1378 528 1413 post
556 1372 715 1403 meridiem
744 1373 776 1403 in
805 1372 1010 1403 Academiam

118 1415 346 1446 descendimus·
370 1414 402 1445 in
427 1426 489 1456 qua
513 1415 749 1456 disputationem
772 1415 922 1451 habitam,
948 1424 1009 1445 non

118 1459 205 1499 quasi
220 1464 384 1496 narrantes,
401 1458 593 1499 exponimus,
622 1459 674 1489 sed
688 1459 801 1490 eisdem
816 1458 878 1489 fere
898 1458 1009 1496 verbis,

116 1508 151 1532 ut
166 1507 267 1532 actum
282 1501 532 1543 disputatumque
547 1508 600 1532 est.

161 1544 219 1575 IV.
253 1544 311 1574 Est
333 1544 427 1585 igitur
452 1545 682 1576 ambulantibus
707 1545 746 1576 ad
771 1545 854 1575 hunc
879 1544 1008 1575 modum

119 1598 216 1618 sermo
231 1587 283 1618 ille
297 1588 384 1618 nobis
398 1587 566 1625 institutus,
584 1594 613 1619 et
623 1599 641 1618 a
651 1589 705 1618 tali
721 1588 855 1630 quodam
867 1587 1009 1618 inductus

118 1630 250 1661 exordio.
282 1631 429 1661 Auditor.
464 1630 535 1661 Dici
550 1642 610 1662 non
626 1638 735 1673 potest,
758 1641 851 1672 quam
867 1631 924 1661 sim
940 1630 1009 1660 hes-

118 1674 202 1704 terna
217 1673 420 1714 disputatione
434 1674 488 1704 tua
503 1674 678 1712 delectatus,
694 1675 742 1705 vel
757 1675 859 1716 potius
874 1673 1007 1713 adjutus.

118 1715 187 1747 Etsi
211 1717 292 1746 enim
315 1716 392 1746 mihi
413 1727 482 1747 sum
504 1718 650 1756 conscius,
667 1728 827 1760 nunquam
850 1727 900 1748 me
919 1716 1010 1746 nimis

149 1761 300 1797 (Philus.)
318 1769 338 1790 v
344 1768 478 1792 oL.111.
719 1770 738 1792 1
