1226 1935
196 98 259 129 234
313 97 437 129 TUSC.
455 98 626 137 QUAEST.
644 99 722 130 Lm.
740 100 799 131 lV.
817 101 900 132 CAP.
917 102 967 132 21.

195 183 415 223 judicaverunt.
442 185 527 214 Num
546 191 690 226 putamus
710 187 774 217 haec
795 186 858 217 fieri
879 186 942 217 sine
962 197 1083 218 summo

199 227 370 267 cupiditatis
385 227 489 257 ardore
503 228 658 268 potuisse?

242 270 318 299 XX.
353 270 455 311 Ipsam
479 271 703 311 aegritudinerm
719 282 813 313 quam
833 282 898 310 nos,
923 278 958 302 ut
976 278 1083 303 tetram

199 318 229 342 et
248 313 415 343 immanem
430 314 576 349 belluam„
593 314 770 355 fugiendam
786 325 847 345 esse
862 315 1007 354 diximus,
1023 326 1083 346 non

200 356 263 385 sine
278 357 390 396 magna
405 357 534 386 utilitate
550 368 568 386 a
582 358 691 387 naturis.
706 358 809 388 dicunt
825 358 1029 395 constitutam,
1050 364 1086 388 ut

200 398 337 428 homines
362 400 618 439 castigationibus,
646 401 938 440 reprehensionibus,
955 401 1085 441 ignomi-

200 442 269 478 niis,
294 442 371 471 affici
394 452 424 471 se
448 443 479 471 in
503 442 610 472 delicto
634 443 777 473 dolerent.
812 444 984 484 Impunitas
1004 445 1084 474 enim

200 495 270 524 pecc
280 491 389 514 itorum
405 484 475 514 data
490 485 607 515 videtur
623 486 663 516 eis
679 486 731 526 qui
747 492 776 516 et
787 487 984 526 ignominiam
997 492 1026 517 et
1041 487 1087 516 in-

201 527 325 557 famiam
342 527 442 557 ferunt
458 528 520 557 sine
536 528 645 558 dolore.
678 528 815 559 Morderi
830 536 874 559 est
888 529 996 560 melius
1017 540 1087 560 con-

202 570 325 600 scientia
340 582 347 599 :
373 580 409 599 ex
426 581 486 610 quo
499 576 542 600 est
554 571 629 600 illud
646 582 661 601 e
676 571 738 601 vita
750 571 875 602 ductum
888 573 925 602 ab
936 572 1066 603 Afranio
1078 584 1086 602 :

201 622 285 649 nam,
302 623 372 643 cum
388 613 548 643 dissolutus
563 613 654 650 filius,

247 675 269 689 “
289 671 360 701 Heu
378 681 427 701 me
443 671 589 702 miserum
603 672 635 701 !'’

203 749 269 773 tum
286 753 406 773 severus
420 749 516 784 pater,

249 806 271 821 ‘⁶
290 803 469 834 Dummodo
483 803 583 834 doleat
598 802 725 844 aliquid,
742 803 842 833 doleat
857 802 939 844 quod
953 803 1070 834 lubet.”

249 875 395 915 Reliquas
410 886 533 915 quoque
547 881 646 916 partes
667 876 853 916 aegritudinis
868 876 956 906 utiles
968 886 1030 906 esse
1044 875 1090 906 di-

204 924 288 955 cunt,
305 918 537 948 misericordiam
551 918 588 948 ad
604 929 693 959 opem
708 919 875 956 ferendam,
893 925 922 949 et
936 919 1091 949 calamita-

205 967 247 991 tes
265 961 425 990 hominum
444 960 639 1001 indignorum
655 962 872 992 sublevandas:
898 962 998 1002 ipsum
1014 961 1092 992 illud

206 1004 354 1039 aemulari,
371 1005 546 1039 obtrectare,
564 1014 623 1034 non
640 1015 702 1035 esse
716 1005 834 1040 inutile,
846 1015 915 1035 cum
928 1011 980 1034 aut
993 1015 1022 1035 se
1032 1014 1093 1035 non

206 1047 287 1076 idem
317 1046 417 1076 videat
441 1053 646 1085 consecutum,
675 1047 757 1088 quod
780 1048 888 1085 alium,
915 1053 968 1077 aut
997 1047 1093 1077 alium

205 1090 298 1127 idem,
316 1090 397 1137 quod
418 1100 466 1119 se:
492 1096 608 1120 metum
624 1101 693 1120 vero
714 1091 738 1120 si
753 1091 821 1131 quis
836 1091 1014 1127 sustulisset,
1028 1101 1093 1120 om-

205 1142 276 1162 nem
303 1132 371 1162 vitae
395 1132 468 1172 dilig
458 1133 583 1162 entiam
607 1134 757 1163 sublatam
782 1133 855 1171 fore,
876 1144 945 1174 quae
974 1143 1095 1163 summa

205 1181 281 1205 esset
295 1175 326 1204 in
342 1175 395 1223 eis,
412 1175 465 1216 qui
480 1176 572 1223 lewes,
583 1176 637 1217 qui
651 1176 856 1224 magistratus,
870 1176 923 1224 (1111
933 1182 1094 1217 pauperta-

205 1224 279 1255 tem,
302 1218 355 1258 qui
379 1218 590 1258 ionominiam,
608 1219 678 1259 qui·
682 1224 822 1256 mortem,
839 1219 893 1259 qui
908 1219 1042 1249 dolorem
1058 1219 1095 1249 ti-

206 1267 332 1291 merent.
358 1261 434 1291 Haec
450 1267 550 1291 tamen
566 1261 609 1291 ita
623 1262 790 1302 disputant,
808 1268 842 1292 ut
858 1262 1016 1292 resecanda
1031 1273 1094 1293 esse

206 1304 369 1341 fateantur,
386 1304 474 1334 evelli
494 1304 614 1344 penitus
630 1305 731 1335 dicant
748 1314 803 1335 nec
822 1315 919 1345 posse,
943 1315 998 1335 nec
1019 1316 1095 1346 opus

206 1357 292 1382 esse;
317 1353 351 1377 ut
374 1346 405 1376 in
427 1347 568 1378 omnibus
587 1347 648 1378 fere
668 1349 757 1378 rebus
776 1347 1013 1378 mediocritatem
1034 1359 1097 1378 esse

206 1390 355 1430 optimam
382 1389 562 1420 existiment.
602 1390 682 1428 Quae
700 1401 770 1420 cum
789 1396 956 1431 exponunt,
981 1391 1097 1421 nihilne

207 1433 265 1462 tibi
289 1432 440 1470 videntur,
468 1443 506 1462 an
533 1433 660 1473 aliquid
685 1433 807 1464 dicere?
842 1434 989 1463 Auditor.
1013 1433 1097 1464 Mihi

208 1486 278 1505 vero
293 1475 390 1505 dicere
405 1475 540 1516 aliquid;
565 1476 667 1517 itaque
682 1482 830 1517 exspecto,
847 1476 921 1517 quid
933 1476 972 1506 ad
986 1477 1053 1507 ista.

252 1518 347 1547 XXI.
366 1520 509 1548 mtrem.
528 1519 690 1559 Reperiam
707 1519 850 1549 fortasse:
869 1519 920 1549 sed
929 1519 1006 1549 illud
1017 1525 1095 1550 ante.

208 1560 354 1599 Videsne,
366 1568 480 1601 quanta
492 1562 583 1591 fuerit
593 1562 675 1602 apud
685 1564 741 1592 Ac
735 1562 884 1592 idemicos
896 1573 914 1592 v
916 1563 1089 1593 erecundia.
1082 1565 1096 1585 ⁹

210 1604 305 1633 Plane
321 1604 402 1634 enim
418 1604 534 1642 dicunt,
551 1605 633 1645 quod
649 1605 687 1635 ad
702 1616 765 1635 rem
781 1605 937 1645 pertineat.
972 1605 1096 1646 Peripa-

209 1646 304 1677 teticis
328 1647 524 1687 respondetur
538 1658 557 1677 a
571 1648 689 1678 Stoicis.
723 1648 938 1688 Digladientur
960 1648 1016 1685 ini,
1042 1659 1096 1690 per

208 1699 258 1719 me
280 1689 371 1725 licet;
404 1690 452 1720 cui
480 1690 555 1719 nihil
582 1697 625 1720 est
648 1701 778 1728 necesse,
804 1691 860 1721 nisi
884 1691 936 1721 ubi
959 1691 997 1720 sit
1018 1691 1095 1721 illud

208 1733 290 1773 quod
306 1733 560 1763 verisimillimum
575 1733 723 1771 videatur,
744 1734 911 1775 anquirere.
947 1733 1033 1772 Quid
1053 1741 1098 1764 est

209 1775 313 1815 igitur,
338 1776 420 1816 quod
445 1783 579 1806 occurrat
605 1776 635 1807 in
657 1777 714 1807 hac
737 1777 912 1818 quaestione,
929 1787 990 1818 quo
1006 1777 1098 1818 possit

1214 1262 1226 1935 w-fflfflwffamffl
