1226 1935
293 34 353 66 DE
378 34 576 73 FINIBUS,
594 34 672 66 Lm.
690 34 730 65 V.
749 35 832 66 CAP.
849 37 900 67 23.
1000 38 1037 69 91

154 128 265 160 magno
283 121 396 159 animo,
418 121 534 162 aliquid
554 122 667 152 factum
687 122 893 162 cognoscimus
905 124 919 153 5²
953 123 1040 160 Quid

154 163 262 203 loquar
282 164 320 194 de
344 165 440 201 nobis,
457 165 511 204 qui
538 164 575 194 ad
599 165 721 195 laudem
741 171 770 195 ct
789 165 828 194 ad
848 165 938 195 decus
961 167 1035 203 nati5

150 206 290 246 susecpti,
310 207 440 237 instituti
461 209 591 237 sumus?
635 208 699 245 Qui
720 208 864 238 clamores
883 208 967 248 vulgi
991 216 1038 238 at-

150 260 210 289 que
236 250 445 290 imperitorum
475 250 644 280 excitantur
669 250 701 280 in
725 250 859 289 theatris,
887 261 957 281 cum
983 252 1038 281 illa

149 292 310 322 dicuntur!

191 354 214 369 ‘⁶
231 351 299 392 Ego
309 362 377 382 sum
393 351 515 383 Orestes
532 353 564 382 :⁷⁹

146 429 308 464 contraque
323 425 361 454 ab
377 424 481 463 altero,

189 483 212 499 ‘⁶
229 482 331 512 Immo
347 482 499 513 enimvero
514 493 569 523 ego
585 493 664 521 sum,
682 483 820 524 inquam,
838 482 994 514 Orestes.''

146 551 228 582 Cum
243 558 345 582 autem
361 553 451 583 etiam
475 553 573 583 exitus
594 555 632 584 ab
654 560 783 594 utroque
802 553 892 583 datur
912 560 1033 584 contur-

146 596 216 625 bato
232 596 402 636 errantique
417 596 499 636 regi;
526 595 632 635 [ambo
648 607 718 637 ergo
735 597 795 626 unit
811 597 909 626 vivere
930 607 1032 636 preca-

144 640 241 679 mun]
275 639 402 676 Quoties
422 640 479 669 hoc
502 640 613 679 agitur,
635 639 805 680 quandove,
825 639 881 669 nisi
902 640 1034 669 admira-

144 680 277 711 tionibus
299 682 466 713 maximis?
490 683 592 712 Nemo
613 690 656 712 est
676 682 779 722 igitur,
802 683 855 722 qui
875 693 935 712 non
955 683 1033 712 hanc

144 724 332 754 affectionem
356 725 451 755 animi
476 726 581 765 probet
607 732 698 766 atque
723 725 846 760 laudem
882 726 945 766 quit
970 735 1031 755 non

145 767 236 797 modo
257 768 371 798 utilitas
390 768 476 797 nulla
491 768 648 808 quaeritur,
666 768 728 806 sed,
746 774 849 798 contra
869 768 1032 798 utih'tatem

143 809 246 846 etiam,
264 817 455 841 conservatur
470 811 552 840 fides.

186 853 315 883 Talibus
331 853 476 894 exemplis
492 863 552 883 non
568 853 645 883 fictae
660 854 758 884 solum
779 854 901 891 fabulae,
924 865 1030 884 verum

142 896 234 926 etiam
262 896 404 934 historiae,
432 896 548 926 refertae
578 903 659 933 sunt,
685 904 714 927 et
744 897 868 938 quidem
895 898 1030 928 maxime

142 945 259 969 nostrae.
293 940 359 970 Nos
377 940 470 977 enim,
487 939 525 969 ad
547 950 629 970 sacra
650 940 733 970 Idaea
752 940 934 988 accipienda,
951 941 1029 980 opti-

140 992 228 1012 mum
253 982 353 1012 virum
378 983 565 1023 delegimus:
591 992 644 1013 nos
663 988 774 1013 tutores
792 983 931 1012 misimus
951 983 1029 1023 regi-

140 1026 215 1056 bus:
241 1026 333 1056 nostri
348 1025 541 1066 imperatores
561 1036 615 1066 pro
631 1026 726 1056 salute
741 1025 846 1066 patriae
861 1036 915 1055 sua
931 1027 1030 1066 capita

139 1075 307 1099 voverunt:
342 1069 435 1099 nostri
472 1069 607 1099 consules
636 1079 738 1109 regem
771 1068 1027 1106 inimicissimum,

138 1112 289 1142 moenibus
309 1113 375 1151 jam
397 1111 703 1153 appropinquantem,
720 1118 916 1147 monuerunt,
938 1122 956 1141 a
978 1122 1028 1142 ve-

138 1164 217 1185 neno
241 1161 276 1185 ut
299 1162 434 1185 caveret:
459 1155 561 1185 nostra
581 1155 612 1184 in
634 1153 798 1195 republica,
823 1160 862 1192 et,
885 1165 954 1196 quae
974 1166 1028 1195 per

137 1197 201 1228 vim
222 1198 360 1228 oblatum
383 1204 522 1239 stuprum
546 1198 717 1228 voluntaria
736 1204 833 1227 morte
852 1198 958 1236 lueret⁷
981 1199 1028 1227 in-

138 1247 227 1271 venta
248 1247 311 1277 est;
336 1247 365 1271 et
380 1241 433 1282 qui
448 1241 625 1271 interficeret
640 1241 746 1277 filiam,
764 1251 801 1271 ne
817 1246 1003 1281 stupraretur
1016 1253 1026 1271 :

136 1295 206 1324 quae
221 1284 346 1325 quidem
361 1284 475 1320 omnia,
492 1289 521 1313 et
536 1284 769 1314 innumerabilia
784 1289 937 1324 praeterea,
960 1284 1028 1324 quis

137 1334 192 1365 est,
210 1328 263 1368 qui
279 1337 339 1358 non
355 1327 515 1368 intelligat,
533 1333 561 1357 et
577 1337 625 1357 eos
641 1327 694 1367 qui
710 1326 854 1364 fecerunt,
871 1327 1027 1366 dignitatis

138 1370 296 1410 splendore
316 1370 432 1409 ductos,
449 1371 641 1400 immemores
661 1370 752 1400 fuisse
772 1369 940 1399 utilitatum
959 1381 1027 1400 sua-

137 1423 218 1451 rum,
235 1423 361 1454 nosque,
381 1424 451 1443 cum
471 1424 505 1443 ea
525 1413 696 1450 laudemus,
718 1413 805 1443 nulla
825 1413 885 1443 alia
905 1423 947 1450 re,
970 1413 1027 1443 nisi

136 1455 302 1494 honestate,
319 1456 389 1486 duci
402 1458 416 1487 ⁴?

179 1499 312 1530 XXIII.
337 1499 460 1537 Quibus
469 1501 558 1530 rebus
573 1499 701 1530 breviter
713 1499 855 1540 expositis
865 1501 933 1534 (nec
945 1499 1026 1529 enim

137 1553 206 1573 sum
221 1542 350 1583 copiam,
367 1553 461 1584 quam
476 1543 573 1584 potui,
590 1543 663 1584 quia
677 1542 826 1572 dubitatio
842 1543 873 1572 in
889 1553 920 1572 re
940 1543 1026 1572 nulla

139 1592 213 1622 erat,
226 1592 410 1626 persecutus)
423 1597 432 1622 3
450 1586 501 1617 sed
515 1586 562 1616 his
578 1587 667 1616 rebus
683 1585 871 1616 concluditur
882 1585 1025 1626 profecto,

139 1636 168 1659 et
187 1629 311 1659 virtutes
331 1639 446 1667 omnes,
468 1636 498 1659 et
521 1629 682 1659 honestum
706 1628 795 1664 iflud,
817 1628 899 1669 quod
921 1638 957 1658 ex
978 1628 1026 1657 his

137 1671 298 1702 virtutibus
313 1671 457 1709 exoritur,
474 1681 504 1702 et
515 1672 545 1701 in
562 1672 608 1702 his
623 1672 727 1709 haeret‚
744 1682 806 1702 esse
821 1682 874 1712 per
890 1681 920 1701 se
936 1681 1026 1711 expe-

136 1714 271 1746 tendum.
298 1715 336 1745 In
351 1715 435 1745 omni
456 1721 558 1746 autem
573 1715 709 1754 honesto,
727 1715 764 1745 de
779 1725 840 1755 quo
856 1714 1023 1754 loquimur,
