1226 1935
217 82 1001 124 TUsc.QUAEST.111n.111.CA12.24.205

111 170 276 202 subtilitate
300 171 465 202 orationem
489 172 527 203 ad
552 173 693 213 exempla
712 171 907 202 traducimus.
940 169 1004 199 Hie

109 214 525 295 :ffiaffislgommemoratun
547 215 599 246 hic
615 215 778 256 Diogenes,
795 215 846 245 hic
865 212 1002 245 Caecilia-

153 317 175 333 “
191 317 278 358 Saepe
293 324 336 349 est
351 318 441 349 etiam
457 320 513 350 sub
528 317 650 359 palliolo
666 317 784 348 sordido
800 316 979 358 sapientia.''

110 388 193 419 Cum
212 388 293 418 enim
313 389 497 430 paupertatis
516 398 578 419 una
600 389 766 429 eademque
785 389 822 418 sit
841 387 896 425 vis,
913 387 1003 428 quid-

110 441 182 462 nam
201 431 259 462 dici
275 438 383 472 potest,
406 433 604 473 quamobrem
625 432 660 462 C.
679 432 818 462 Fabricio
839 430 1002 462 tolerabilis

109 486 144 506 ea
158 475 259 511 fuerit,
281 475 333 505 alii
347 482 458 516 negent
472 486 502 505 se
521 476 597 505 ferre
611 477 718 516 posse?
742 475 826 505 Huic
845 474 938 515 igitur
957 474 1002 504 al-

107 519 163 549 teri
177 518 279 559 generi
295 518 400 548 similis
415 525 459 549 est
473 529 508 549 ea
523 519 597 548 ratio
617 518 801 555 consolandi,
819 529 888 558 quae
903 517 999 554 docet,

108 561 244 592 humana
267 572 339 599 esse,
361 573 431 603 quae
455 562 623 592 acciderint.
654 563 725 592 Non
747 562 827 591 enim
849 561 947 591 solum
967 560 999 590 id

107 605 239 636 continet
254 615 288 635 ea
302 605 476 646 disputatio,
493 612 528 635 ut
550 605 750 646 cognitionem
766 605 870 634 afferat
884 603 1002 644 generis

106 648 251 684 humani3
276 648 328 678 sed
343 648 501 689 significat,
524 648 690 679 tolerabilia
704 658 777 686 esse,
794 658 863 689 quae
879 653 909 678 et
923 647 1001 677 tule-

106 691 167 721 rint
183 698 211 722 et
226 691 323 722 ferant
335 692 442 722 caeteri.

147 735 276 765 XXIV.
301 734 350 765 De
375 741 552 776 paupertate
577 735 702 775 agitur?
734 734 826 764 multi
852 733 999 775 patientes

104 789 251 819 pauperes
263 785 546 808 commemorantur.
571 778 620 808 De
631 778 850 808 contemnendo
865 777 999 808 honore?

105 822 196 852 multi
215 821 384 852 inhonorati
404 822 611 862 proferuntur,
634 828 662 851 et
682 821 805 862 quidem
826 827 949 862 propter
967 820 999 850 id

104 864 205 905 ipsum
220 864 381 895 beatiores·
396 865 642 913 eorumque,qui.
647 865 800 905 privatum
815 864 911 895 otium
927 874 1001 904 neg-

104 908 171 938 otiis
182 908 312 949 publicis
332 909 548 946 antetulerunt,
561 908 742 938 nominatim
759 908 821 938 vita
840 907 998 937 laudatur:

105 961 160 982 nec
180 952 284 982 siletur
304 951 381 981 illud
405 951 605 992 potentissimi
624 951 701 991 regis
725 957 924 991 anapaestum,
945 949 1000 991 qui

102 994 208 1025 laudat
218 1004 330 1030 senem,
339 1000 368 1024 et
377 994 566 1025 fortunatum
577 1005 639 1025 esse
648 994 730 1030 dicit,
739 994 832 1035 quod,
841 993 999 1034 inglorius,

104 1038 153 1074 sit,
170 1044 262 1079 atque
275 1038 428 1078 ignobilis,
444 1038 483 1068 ad
499 1048 677 1079 supremum
693 1037 774 1067 diem
789 1043 999 1078 perventurus.

104 1081 260 1119 Similiter,
272 1081 544 1111 commemorandis
555 1081 713 1122 exemplis,
726 1080 867 1111 orbitates
878 1090 1001 1121 quoque

103 1124 267 1155 liberorum
288 1124 507 1165 praedicantum
539 1134 716 1165 eorumque,
741 1123 794 1165 qui
813 1123 935 1164 gravius
955 1123 999 1153 fe-

104 1173 188 1204 runt,
218 1168 329 1205 luctus,
351 1168 481 1198 aliorum
502 1167 649 1209 exemplis
669 1167 833 1197 leniuntur.
862 1166 912 1198 Sic
930 1177 998 1207 per-

105 1211 203 1251 pessio
223 1216 398 1242 caeterorum
420 1211 501 1248 facit,
518 1217 554 1242 ut
568 1221 613 1248 ea,
630 1221 700 1252 quae
713 1209 885 1245 acciderint,
900 1210 1001 1240 multo

104 1254 234 1293 minora,
251 1264 345 1295 quam
358 1260 474 1296 quanta
483 1254 543 1285 sint
558 1254 741 1291 existimata,
757 1253 926 1284 videantur.
950 1253 1002 1283 Ita

106 1296 141 1328 fit
167 1298 279 1328 sensim
303 1298 516 1338 cogitantibus,
542 1304 589 1335 ut,
614 1303 767 1338 quantum
791 1297 830 1327 sit
855 1296 1001 1327 ementita

104 1340 219 1381 opinio,
232 1347 386 1382 appareat.
409 1341 517 1382 Atque
527 1341 586 1371 hoc
600 1341 682 1371 idem
695 1346 724 1371 et
736 1340 866 1370 Telamo
881 1339 933 1370 ille
947 1339 1000 1369 de-

101 1384 214 1414 clarat:

146 1445 169 1462 “
181 1443 264 1486 Ego,
272 1454 352 1487 ¹cum
367 1444 471 1486 genui,
488 1444 673 1475 moriturum
689 1443 761 1475 scivi
771 1443 806 1480 ;”

102 1520 132 1546 et
147 1515 298 1554 Theseus,

141 1576 165 1592 “
182 1574 314 1605 Futuras
324 1585 446 1606 mecum
461 1576 689 1606 commentabar
703 1573 839 1605 miserias
851 1573 885 1610 ;”

100 1650 130 1675 et
144 1646 358 1685 Anaxagoras,
381 1645 552 1676 “Sciebam
571 1655 621 1675 me
640 1644 781 1686 genuisse
800 1642 998 1674 mortalem.”

103 1687 148 1717 Hi
169 1687 251 1717 enim
274 1698 390 1725 omnes,
413 1688 465 1718 diu
487 1689 652 1729 cogitantes
671 1688 708 1718 de
729 1688 819 1718 rebus
842 1686 998 1722 humanis,

102 1730 322 1771 intelligebant,
340 1741 389 1762 eas
403 1732 599 1772 nequaquam
615 1742 670 1772 pro
684 1731 827 1771 opinione
842 1729 925 1770 vulgi
936 1740 999 1759 esse

103 1774 351 1804 extimescendas.
386 1774 428 1804 Et
445 1774 523 1805 mihi
542 1775 668 1816 quidem
691 1774 810 1805 videtur
831 1773 912 1803 idem
936 1772 997 1803 fere

146 1818 296 1856 (Philos.)
314 1826 398 1849 voi..
416 1826 474 1849 111.
714 1826 736 1847 'r
