1226 1935
229 82 271 112 68
377 83 439 115 DE
462 84 660 122 FINIBUS,
677 83 813 115 1111³-V.
830 83 914 116 CAP.
931 87 960 115 5.

236 174 334 200 essent
347 170 379 200 in
395 171 549 211 republica
563 171 769 201 inclinationes
783 180 896 209 rerum,
920 176 950 201 et
970 178 1125 202 momenta

238 218 423 253 temporum,
436 214 547 255 quibus
562 220 637 244 esset
647 214 879 251 moderandum,
895 220 1063 254 utcumque
1078 225 1125 244 res

238 257 412 296 postularet.
445 257 526 287 Vitae
542 263 643 287 autem
659 257 802 297 degendae
817 257 892 287 ratio
906 256 1042 287 maxime
1057 257 1125 297 qui-

239 298 310 328 dem
325 299 385 329 illis
400 300 514 340 placuit
528 300 641 340 quieta,
657 300 688 330 in
705 300 957 339 contemplatione
976 306 1006 329 et
1023 300 1126 340 cogni-

238 341 320 371 tione
345 343 442 382 posita
465 353 587 372 rerum:
619 354 688 384 quae
710 343 782 383 quia
804 343 941 372 Deorum
969 348 1031 372 erat
1058 343 1127 372 vitae

239 384 406 423 simillima,
423 385 556 426 sapiente
571 385 633 415 visa
649 392 692 416 est
706 385 882 425 dignissima
895 396 904 420 ς
928 391 1019 426 atque
1031 385 1077 415 his
1089 385 1127 415 de

239 429 329 457 rebus
345 434 374 458 et
389 428 546 469 splendida
561 434 604 458 est
619 439 722 458 eorum
738 434 767 458 et
781 428 906 458 illustris
921 428 1024 458 oratio.

284 471 325 501 V.
350 471 398 501 De
414 482 534 501 summo
552 476 653 501 autem
674 473 765 509 bono,
785 471 857 511 quia
876 471 937 501 duo
957 481 1068 511 genera
1090 471 1128 500 li-

241 513 366 544 brorum
396 520 477 551 sunt,
508 524 605 543 unum
638 514 823 554 populariter
853 514 1010 554 scriptum,
1046 514 1129 554 quod

244 557 410 596 εξωτερικον
437 557 652 597 appellabant3
677 557 804 586 alterum
826 556 972 592 limatius,
997 557 1080 597 quod
1098 557 1130 586 in

241 600 463 630 commentariis
479 600 685 640 reliquerunt;
710 609 770 629 non
795 610 912 639 semper
932 599 1013 629 idem
1034 599 1131 630 dicere

242 642 401 672 videntur:
426 653 481 672 nec
495 642 527 671 in
543 642 665 672 summa
680 648 781 672 tamen
796 642 862 682 ipsa
877 648 930 671 aut
945 642 1071 672 varietas
1086 648 1130 672 est

242 685 318 723 ulla,
342 685 423 725 apud
446 685 500 715 hos
523 685 659 726 quidem,
682 695 759 725 quos
781 685 947 721 nominavi,
972 691 1026 715 aut
1051 685 1130 715 inter

241 727 322 767 ipsos
336 728 488 758 dissensio.
512 728 572 758 Sed
586 738 657 758 cum
673 729 761 758 beata
775 728 836 758 vita
857 734 1021 768 quaeratur,
1037 727 1130 768 idque

242 771 280 800 sit
295 781 404 807 unum,
422 771 503 812 quod
519 770 709 812 philosophia
719 777 850 811 spectare
862 777 891 800 et
900 771 985 811 sequi
1000 770 1128 807 debeat3

243 813 320 843 sitne
335 825 370 844 ea
385 820 447 844 tota
462 814 518 844 sita
533 814 564 843 in
580 820 725 855 potestate
741 813 893 854 sapientis,
915 823 953 843 an
969 814 1062 854 possit
1076 820 1130 844 aut

243 856 416 887 labefactari
432 863 485 887 aut
505 857 579 897 eripi
594 858 683 886 rebus
703 857 856 891 adversim
880 856 912 885 in
934 867 968 886 eo
987 866 1129 886 nonnun-

241 910 335 939 quam
360 900 467 930 variari
491 900 568 930 inter
591 910 640 930 eos
663 905 692 929 et
715 900 847 929 dubitari
873 899 1000 929 videtur.
1035 899 1129 936 Quod

239 943 375 972 maxime
397 943 486 973 efficit
508 943 711 983 Theophrasti
733 942 770 972 de
792 942 880 972 beata
902 942 964 972 vita
985 942 1072 980 liber,
1096 943 1129 972 in

240 996 302 1026 quo
317 985 450 1015 multum
466 985 633 1015 admodum
648 985 777 1015 fortunae
797 985 895 1015 datur.
928 985 1022 1022 Quod
1042 985 1067 1014 si
1086 986 1130 1016 ita

239 1039 271 1058 se
286 1028 405 1066 habeat,
422 1038 482 1058 non
498 1029 591 1068 possit
606 1030 724 1058 beatam
740 1034 880 1068 praestarc
901 1028 994 1057 vitam
1010 1027 1128 1068 sapien-

236 1071 288 1100 tia.
314 1071 390 1101 Haec
405 1071 481 1101 mihi
497 1072 614 1101 videtur
630 1071 794 1107 delicatior,
811 1076 846 1101 ut
865 1070 908 1100 ita
922 1070 1033 1108 dicam,
1049 1072 1128 1101 mol-

237 1114 355 1154 liorque
370 1114 456 1151 ratio,
468 1125 561 1154 quam
578 1114 697 1143 virtutis
713 1114 756 1144 vis
770 1114 962 1153 gravitasque
977 1114 1126 1153 postulatz

236 1167 330 1197 quare
346 1162 501 1186 teneamus
516 1157 724 1193 Aristotelem,
743 1162 772 1186 et
787 1157 851 1195 ejus
863 1156 962 1185 filium
979 1157 1126 1186 Nicoma-

234 1200 339 1234 chum.
356 1200 442 1238 cujus
458 1205 594 1229 accurate
609 1199 710 1239 scripti
726 1198 763 1229 de
778 1200 913 1229 moribus
928 1199 998 1229 libri
1020 1199 1126 1229 dicun-

235 1247 285 1272 tur
299 1242 344 1271 illi
360 1242 483 1282 quidem
500 1252 561 1272 esse
581 1242 772 1271 Aristotelis:
798 1242 849 1272 scd
870 1252 929 1271 non
951 1242 1049 1279 video,
1072 1253 1126 1273 cur

236 1295 296 1315 non
312 1285 443 1325 potuerit
458 1285 536 1325 patri
551 1285 657 1314 similis
673 1295 734 1314 esse
754 1284 844 1314 filius.
877 1284 1125 1325 Theophrastum

234 1333 337 1357 tamen
358 1327 555 1357 adhibeamus
576 1327 613 1357 ad
634 1327 788 1368 pleraque,
811 1327 978 1357 dummodo
999 1328 1068 1368 plus
1092 1329 1123 1358 in

235 1371 345 1400 virtute
359 1375 527 1409 teneamus,
543 1380 637 1410 quam
657 1370 709 1400 ifle
729 1371 836 1409 tenuit,
854 1371 1004 1400 firmitatis
1026 1377 1055 1401 et
1076 1382 1123 1401 ro-

234 1413 324 1443 boris.

277 1456 380 1485 Simus
394 1455 487 1496 igitur
498 1456 630 1486 contenti
648 1455 714 1485 his:
732 1466 866 1497 namque
877 1455 987 1486 horum
1000 1457 1122 1496 posteri,

235 1499 373 1529 meliores
393 1499 438 1528 illi
459 1499 594 1539 quidem,
611 1509 680 1528 mea
701 1500 859 1535 sententia,
876 1509 969 1539 quam
992 1499 1123 1540 reliqua-

235 1552 304 1572 rum
328 1542 499 1590 philosophi
519 1542 767 1582 disc11)hn1ru111
792 1542 842 1571 sed
864 1542 906 1571 ita
927 1542 1120 1582 degenerant,

235 1591 270 1615 ut
292 1584 349 1624 ipsi
371 1594 408 1614 ex
431 1595 461 1614 se
482 1585 546 1614 nati
568 1595 630 1614 esse
650 1585 817 1614 videantur.
853 1585 995 1615 Primum
1019 1585 1122 1615 Theo-

238 1627 352 1668 phrasti
368 1629 467 1657 Strato
493 1627 652 1667 physicum
674 1639 704 1657 se
725 1627 841 1657 voluit:
866 1627 897 1657 in
918 1639 980 1668 quo
1002 1628 1056 1658 etsi
1078 1634 1122 1658 est

235 1681 375 1711 magnus,
392 1676 493 1700 tamen
509 1680 586 1700 nova
600 1670 754 1710 pleraque
768 1676 797 1700 et
812 1680 894 1710 perp
887 1681 962 1700 mea
976 1671 1013 1700 de
1028 1671 1120 1701 mori-

234 1716 300 1744 bus.
334 1713 439 1752 Hujus
456 1713 562 1753 Lysias
582 1719 611 1742 et
625 1713 758 1743 oratione
773 1713 917 1753 locuples„
939 1715 1028 1743 rebus
1048 1713 1120 1754 ipsis

232 1756 373 1796 jejunior.
397 1756 571 1787 Concinnus
586 1755 693 1787 deinde
709 1762 738 1786 ct
753 1757 873 1796 elegans
885 1756 978 1795 hujus
992 1756 1117 1788 Aristo:
