1180 1935
161 105 225 135 382
269 106 331 138 DE
355 107 463 140 NAT.
480 109 616 142 DEOR.
634 110 714 141 1113.
730 109 777 141 ΙΙ.
793 108 878 140 ΟΛΡ.
894 107 947 144 47.

162 204 223 224 non
243 199 354 232 movet,
377 194 460 226 hunc
478 196 588 227 horum
607 196 684 227 nihil
704 205 841 237 unquam
864 190 1047 234 reputavisse

162 243 243 268 certo
259 247 329 266 scio.

205 280 349 312 XLVII.
373 281 454 322 Age,
478 288 513 312 ut
528 293 546 312 a
561 281 727 312 coelestibus
742 282 831 312 rebus
846 279 884 311 ad
899 282 1050 309 terrestres

162 323 339 360 veniamus3
364 325 438 365 quid
453 331 496 355 est
512 325 542 354 in
558 325 616 362 his,
639 325 671 355 in
687 335 747 365 quo
762 334 822 354 non
843 329 958 353 naturae
973 320 1049 350 ratio

162 366 357 405 intelligentis
372 370 538 408 appareat?
573 368 736 408 Principio,
760 377 876 404 eorum,
900 375 968 405 quae
982 363 1050 403 gig-

163 415 278 438 nuntur
297 420 313 439 e
330 411 420 448 terra,
444 411 549 451 stirpes
569 417 598 440 et
618 411 810 441 stabilitatem
831 409 904 439 dant
925 407 960 436 iis
981 416 1050 446 quae

163 451 322 488 sustinent,
339 459 368 482 et
383 464 420 483 ex
433 454 511 483 terra
523 464 646 484 succum
661 454 796 491 trahunt,
813 462 873 493 quo
885 451 1005 481 alantur
1015 459 1051 478 ea

163 505 233 535 quae
248 494 397 526 radicibus
414 496 622 526 continentur:
639 496 891 536 obducunturque
905 493 983 523 libro
997 497 1052 521 aut

163 537 270 568 cortice
290 538 399 575 trunci,
423 549 484 579 quo
500 539 559 569 sint
575 550 593 569 a
607 539 769 579 frigoribus
789 544 818 569 et
837 536 985 568 caloribus
1000 540 1049 564 tu-

164 580 261 610 tiores.
285 580 360 610 Jam
376 591 445 611 vero
461 581 534 612 vites
546 582 587 612 sic
599 582 750 612 claviculis
765 579 959 615 adminicula,
972 583 1051 607 tam-

164 633 257 663 quam
274 624 426 661 manibus,
443 625 685 664 apprehendunt,
705 631 796 665 atque
816 634 846 653 se
861 623 903 652 ita
917 621 1049 668 erigunt3

163 672 199 695 ut
213 665 390 697 animantes.
415 667 501 704 Quin
517 667 607 697 etiam
623 679 641 697 a
656 668 792 697 caulibus
807 664 1014 704 brassicisque‚
1027 671 1052 692 sl

164 714 286 748 propter
302 709 357 738 sati
373 709 443 745 sint,
465 716 499 740 ut
520 721 537 740 a
557 710 703 750 pestiferis
718 717 747 740 et
767 708 953 745 nocentibus,
973 705 1054 736 refu-

163 762 234 792 gere
249 751 402 789 dicuntur,
419 763 474 782 nec
490 764 538 784 eos
554 753 618 783 ulla
633 764 670 783 ex
686 759 770 794 parte
786 752 965 791 contingere.

207 794 427 825 Animantium
443 806 511 826 vero
527 803 641 837 quanta
657 796 781 826 varietas
796 795 858 826 est!
884 798 997 835 quanta
1011 790 1051 821 ad

165 847 233 867 eam
248 847 313 867 rem
328 838 384 876 vis,
400 844 435 869 ut
449 838 480 868 in
496 849 550 869 suo
566 850 695 881 quaeque
710 849 817 879 genere
831 834 1048 878 permaneant!

164 890 296 920 quarum
312 881 378 911 aliae
390 881 475 912 coriis
491 888 576 912 tectae
587 889 668 919 sunt,
681 882 748 913 aliae
760 881 837 912 villis
849 880 972 915 vestitae‚
986 877 1054 907 aliae

165 923 259 963 spinis
274 923 418 956 hirsutae:
442 925 550 965 pluma
565 926 648 963 alias,
672 925 745 956 alias
760 924 898 965 squama,
916 922 1054 953 videmus

165 966 330 1003 obductas;
355 967 428 997 alias
449 978 511 998 esse
530 969 670 999 cornibus
689 974 830 1005 armatas,
851 966 924 997 alias
943 965 1054 994 habere

165 1009 278 1050 effugia
292 1020 472 1050 pennarum.
497 1011 624 1042 Pastum
639 1017 742 1041 autem
757 1009 961 1040 animantibus
972 1007 1056 1046 large

164 1057 194 1082 et
215 1052 331 1092 eopiose
352 1059 460 1084 natura
480 1064 562 1091 eum,
579 1055 632 1095 qui
647 1054 756 1095 cuique
772 1059 859 1094 aptus
875 1057 948 1089 erat,
970 1059 1053 1080 com·

164 1095 290 1135 paravit.
315 1096 504 1127 Enumerare
518 1108 653 1138 possum,
670 1097 708 1127 ad
724 1107 794 1127 eum
815 1101 937 1136 pastum
952 1103 1054 1133 capes-

165 1138 294 1168 sendum
306 1139 598 1181 conficiendumque,
615 1151 684 1181 quae
699 1140 736 1170 sit
751 1140 782 1169 in
797 1138 901 1179 figuris
916 1136 1055 1167 animan-

166 1180 256 1218 tium,
270 1187 299 1211 et
314 1192 408 1222 quam
424 1183 526 1213 sollers
538 1183 727 1224 subtilisque,
740 1181 899 1221 descriptio
910 1179 1056 1221 partium,

165 1234 320 1264 quamque
343 1225 528 1256 admirabilis
552 1226 665 1256 fabrica
688 1227 905 1256 membrorum.
940 1221 1057 1253 Omnia

166 1266 259 1303 enim,
276 1278 345 1307 quae
360 1268 484 1309 quidem
500 1269 582 1299 intus
597 1269 712 1299 inclusa
724 1274 805 1304 sunt,
822 1267 864 1297 ita
879 1272 950 1296 nata
964 1270 1057 1305 atque

165 1309 208 1339 ita
228 1310 323 1340 locata
343 1317 424 1348 sunt,
449 1318 483 1341 ut
504 1312 579 1341 nihil
601 1322 705 1342 eorum
726 1318 981 1352 supervacaneum
1005 1308 1055 1345 sit,

165 1352 242 1382 nihil
263 1353 301 1382 ad
321 1353 413 1383 vitam
434 1354 621 1384 retinendam
643 1364 703 1384 non
719 1353 928 1385 necessarium.
961 1350 1056 1381 Dedit

165 1401 268 1425 autem
281 1396 386 1426 eadem
402 1403 509 1427 natura
521 1398 629 1427 belluis
645 1404 674 1427 et
689 1407 811 1427 sensum
823 1402 852 1426 et
863 1394 1032 1436 appetitum
1043 1403 1054 1429 ς

166 1444 201 1467 ut
222 1438 315 1468 altero
336 1446 478 1470 conatum
500 1441 645 1471 haberent
660 1440 699 1471 ad
714 1439 864 1470 naturales
884 1444 986 1479 pastus
1007 1447 1056 1467 ca-

165 1481 336 1521 pessendos,
360 1483 453 1512 altero
473 1489 656 1514 secernerent
676 1483 815 1524 pestifera
830 1493 848 1512 a
863 1480 1054 1511 salutaribus.

165 1523 239 1553 Jam
258 1534 326 1554 vero
341 1525 400 1554 alia
415 1526 559 1556 :mimalia
574 1526 749 1566 gradiendo,
769 1526 828 1556 alia
843 1523 999 1564 serpendo,
1016 1521 1055 1552 ad

165 1572 287 1606 pastum
303 1568 458 1606 accedunt,
482 1569 541 1599 alia
557 1569 697 1607 volando,
721 1569 779 1598 alia
795 1568 909 1598 nando:
938 1566 1055 1597 cibum-

166 1619 227 1650 que
253 1610 363 1649 partim
388 1611 446 1641 oris
472 1612 556 1642 hiatu
580 1618 609 1642 et
628 1612 768 1642 dentibus
792 1611 864 1652 ipsis
884 1615 1055 1650 capessunt,

166 1652 277 1692 partini
299 1654 450 1693 unguium
471 1655 629 1685 tenacitate
650 1655 809 1695 arripiunt,
833 1653 944 1694 partim
959 1651 1057 1682 adun-

165 1695 254 1724 citate
269 1702 452 1732 rostrorum3
477 1697 536 1728 alia
551 1704 675 1738 sugunt,
699 1698 758 1728 alia
773 1703 911 1737 carpunt,
927 1695 986 1726 alia
1001 1705 1053 1725 vo-

166 1743 245 1776 rant,
275 1738 333 1769 alia
356 1740 516 1771 mandunt.
550 1741 657 1782 Atque
681 1741 773 1772 etiam
797 1740 927 1771 aliorum
950 1748 986 1770 ea
1010 1743 1054 1770 est
