1180 1935
163 44 225 77 DE
249 45 357 77 NAT.
374 45 510 78 DEOR.
526 46 607 77 Lm.
624 45 672 77 ΙΙ.
688 45 772 77 ΟΑΡ.
789 46 841 76 51.
886 45 951 75 385

62 129 214 162 defendat.
269 132 419 164 Cornibus
448 132 538 171 tauri,
569 132 634 173 apri
663 132 816 170 dentibus,
847 140 951 162 morsu

64 173 174 211 leones,
203 174 270 205 aliae
294 175 370 216 fugit
394 186 435 213 se,
466 175 533 205 aliae
556 175 763 211 occultatione,
792 180 951 209 tutantur;

64 218 223 248 atramenti
235 218 379 248 effusione
390 218 490 259 sepiae,
507 225 624 259 torpore
636 218 814 259 torpedines.
839 217 873 247 Μ
879 217 953 246 ultae

61 259 155 332 {etiam
175 260 353 291 insectantes
372 261 471 292 odoris
490 261 671 292 intolerabili
694 261 826 291 fuditate
849 259 953 300 depel-

74 309 139 333 unt.

107 345 164 376 LI.
178 346 222 376 Ut
234 356 303 377 vero
314 352 476 388 perpetuus
487 347 596 377 mundi
607 352 684 378 esset
693 352 826 382 ornatus,
840 355 954 385 magna

62 388 198 419 adhibita
217 400 289 420 cura
311 396 354 420 est
374 401 392 420 a
406 390 595 431 providentia
610 390 760 428 Deorum,
784 395 820 419 ut
834 397 952 428 semper

64 438 162 462 essent
177 437 206 462 et
220 432 384 463 bestiarum
400 443 520 474 genera,
537 439 566 463 et
581 434 735 471 arborum,
751 431 953 471 omniumque

63 485 176 513 rerum,
201 486 270 516 quae
285 476 353 506 altae
368 482 421 506 aut
436 476 586 507 radicibus
600 486 618 506 a
633 475 722 514 terra,
741 481 795 506 aut
809 474 954 515 stirpibus

63 518 304 549 continerentur:
329 530 399 560 quae
413 519 537 560 quidem
552 519 656 549 omnia
670 529 736 549 eam
753 519 815 549 vim
831 516 954 548 seminis

63 561 175 591 habent
199 561 230 591 in
253 572 294 599 se,
318 568 353 592 ut
375 572 413 592 ex
437 572 498 592 uno
523 563 613 603 plura
637 568 835 602 generentur.
860 560 954 601 idque

62 614 165 634 semen
181 604 333 635 inclusum
345 612 389 636 est
400 605 431 634 in
443 605 553 635 intima
566 612 651 646 parte
663 615 767 635 earum
779 606 951 652 baccarum,

61 657 131 688 quae
143 658 180 678 ex
196 658 318 689 quaque
333 648 424 689 stirpe
438 648 629 679 funduntur:
647 648 815 688 iisdemque
830 645 953 677 semini-

62 691 120 720 bus
140 696 169 720 et
189 690 326 721 homines
341 691 457 721 affatim
478 698 649 728 vescuntur,
673 697 702 721 et
717 697 803 721 terrae
817 689 953 730 ejusdem

61 734 178 774 generis
194 734 333 774 stirpium
350 736 540 765 renovatione
555 735 754 775 complentur.

106 776 192 814 Quid
206 777 325 818 loquar,
342 783 456 818 quanta
468 778 543 808 ratio
558 778 589 808 in
605 777 705 808 bestiis
721 777 759 807 ad
774 782 952 817 perpetuam

62 820 317 850 conservationem
337 831 441 850 earum
461 821 577 861 generis
598 821 764 862 appareat?
789 820 872 850 Nam
892 819 954 860 pri-

63 872 151 893 mum
163 863 230 893 aliae
244 874 353 901 mares,
370 863 436 894 aliae
452 864 572 894 feminae
587 870 679 899 sunt;
703 863 785 904 quod
800 862 954 904 perpetui-

63 906 133 936 tatis
145 906 234 936 causa
246 907 418 937 machinata
430 913 538 937 natura
553 913 604 938 est.
641 906 760 937 Deinde
774 912 873 947 partes
888 916 953 935 cor-

62 949 144 989 poris
163 954 192 979 et
212 949 251 980 ad
271 950 489 991 procreandum
505 956 535 980 et
555 951 593 980 ad
614 949 844 990 concipiendum
860 948 954 989 aptis-

63 992 168 1028 simae3
192 999 221 1022 et
246 993 277 1023 in
304 1003 388 1023 mare
413 1000 442 1023 et
465 993 497 1024 in
522 993 637 1024 femina
663 992 953 1023 commiscendorum

63 1046 224 1076 corporum
239 1036 324 1066 mirae
338 1036 487 1066 libidines.
512 1037 593 1067 Cum
609 1042 712 1067 autem
724 1036 755 1065 in
767 1035 839 1066 locis
852 1044 953 1065 semen

64 1078 183 1116 insedit,
207 1079 286 1120 rapit
300 1089 423 1109 omnem
438 1079 500 1110 fere
515 1080 617 1110 cibum
633 1079 672 1109 ad
687 1089 760 1117 sese,
776 1088 872 1119 eoque
887 1088 953 1118 sep-

64 1127 131 1152 tum
153 1121 239 1162 fingit
254 1122 388 1159 animal3
412 1123 494 1163 quod
509 1133 578 1153 cum
595 1134 633 1153 ex
648 1128 733 1152 utero
748 1122 885 1162 elapsum
901 1131 954 1151 ex-

63 1165 147 1202 cidit,
171 1165 202 1195 in
225 1165 261 1195 iis
281 1165 486 1196 animantibus
507 1177 576 1207 quae
595 1166 672 1196 lacte
695 1165 831 1203 aluntur,
855 1164 954 1194 omnis

64 1208 126 1238 fere
152 1208 236 1239 cibus
261 1214 395 1239 matrum
421 1209 577 1239 lactescere
602 1208 727 1258 incipit:
752 1218 858 1249 eaque,
884 1218 954 1248 quae

64 1251 156 1292 paulo
176 1258 245 1282 ante
264 1258 336 1282 nata
359 1258 440 1289 sunt,
464 1252 527 1282 sine
550 1253 706 1293 magistro,
730 1251 806 1281 duce
831 1250 952 1288 natura,

61 1304 214 1325 mammas
237 1301 397 1336 appetunt,
420 1305 586 1337 earumque
609 1296 746 1325 ubertate
770 1299 952 1324 saturantur.

63 1337 181 1378 Atque,
205 1344 239 1368 ut
255 1338 465 1387 intelligamus
485 1339 562 1368 nihil
576 1338 687 1368 horum
702 1348 764 1368 esse
779 1336 952 1374 fortuitum,

63 1386 93 1410 et
105 1380 169 1411 haec
179 1381 283 1411 omnia
298 1392 360 1412 esse
374 1391 464 1422 opera
475 1381 608 1422 providae
620 1381 806 1421 sollertisque
818 1386 952 1410 naturae·
943 1402 953 1415 ,

64 1434 134 1464 quae
156 1424 340 1464 multiplices
360 1424 440 1455 fetus
458 1430 626 1465 procreant,
647 1430 682 1454 ut
703 1434 782 1461 sues,
804 1428 839 1454 ut
853 1432 952 1460 cane&

63 1466 111 1496 his
134 1476 341 1498 mammarum
365 1468 435 1498 data
459 1474 502 1498 est
524 1467 709 1505 multitud03
734 1477 810 1508 quas
834 1465 954 1496 easdem

63 1520 175 1549 paucas
189 1510 303 1540 habent
317 1521 359 1541 eae
373 1511 487 1549 bestiae,
504 1522 573 1551 quae
587 1521 684 1552 pauca
698 1510 838 1551 gignunt.
868 1508 954 1546 Quid

63 1552 175 1589 dicam,
207 1559 343 1602 quantus·
369 1564 454 1584 arnor
478 1555 642 1585 bestiarum
669 1554 708 1584 sit
732 1553 763 1583 in
791 1551 954 1582 educandis

63 1595 343 1637 custodiendisque*
336 1597 372 1627 iis
387 1608 456 1638 quae
470 1602 712 1646 procreaverunt,
724 1606 821 1644 usque
832 1595 872 1625 ad
883 1604 954 1625 eum

63 1638 168 1675 finem,
192 1638 267 1669 dum
288 1640 402 1680 possint
422 1651 452 1671 se
475 1640 541 1682 ipsa
560 1640 745 1671 defendere?
769 1639 823 1669 etsi
846 1637 953 1679 pisces,

66 1683 116 1722 (ut
139 1682 237 1719 aiunt)
262 1692 318 1713 ova
341 1694 413 1714 cum
438 1690 620 1724 genuerunt,
643 1683 839 1723 relinquunt·
866 1680 955 1712 facile

65 1724 147 1755 enim
163 1725 216 1755 illa
230 1736 311 1766 aqua
326 1732 356 1757 et
370 1727 566 1767 sustinentur,
582 1732 611 1759 et
625 1727 722 1759 fetum
737 1725 882 1756 fundunt.

106 1768 257 1808 (Philos.)
274 1778 358 1802 vor..
377 1778 434 1802 111.
679 1771 699 1800 2
716 1777 738 1801 1.
