1226 1935
211 52 276 83 300
330 51 392 83 DE
417 52 525 83 NAT.
550 51 687 86 DEOR.
711 51 791 82 Lm.
810 52 836 83 Ι.
860 51 944 83 (nm.
962 52 990 82 8.

209 137 287 168 mihi
304 139 418 179 magna
438 138 475 169 de
495 150 527 169 re
547 139 699 169 altercatio
720 148 790 169 curn
806 139 945 174 Veuei03
970 138 1029 177 cui,
1046 148 1100 179 pro

211 189 265 210 tuo
281 182 391 218 studio,
409 192 469 212 non
485 189 529 212 est
544 183 678 212 alienum
694 188 724 212 te
739 182 888 212 interesse.

255 224 286 254 V
290 225 334 254 ΙΙ.
353 225 454 266 Atqui
470 225 546 255 mihi
561 235 683 266 quoque
696 225 809 261 videor,
823 225 961 265 inquam,
974 224 1100 261 venisse,

210 272 247 296 ut
262 266 346 306 dicis,
363 275 541 309 opportune.
573 268 650 298 Tres
667 268 747 298 enim
764 268 857 298 trium
872 267 1101 307 disciplinarum

210 310 361 351 principes
373 311 560 341 convenistis.
586 311 634 341 M.
648 311 718 341 Piso
731 311 756 341 si
767 311 893 347 adesset,
906 310 1021 340 nullius
1033 310 1102 350 phi-

212 353 368 393 losophiae,
385 365 489 384 earum
506 354 629 395 quidem
643 365 711 395 quae
722 354 754 383 in
767 354 878 384 honore
891 360 971 389 sunt,
986 358 1103 383 vacaret

211 395 305 426 locus.
330 397 416 427 Tum
433 397 534 434 Cotta,
552 397 595 432 Si,
613 397 723 438 inquit,
740 398 816 427 liber
834 396 981 426 Antiochi
997 395 1103 433 nostri,

213 439 268 479 qui
283 441 321 469 ab
337 450 371 470 eo
390 450 487 480 nuper
509 440 548 469 ad
570 441 652 470 hunc
674 441 808 470 Balbum
832 440 942 470 missus
963 444 1017 475 est,
1034 449 1105 468 vera

212 482 366 522 loquiturg
387 483 463 512 nihil
476 490 530 519 cst,
545 484 627 523 quod
643 484 796 519 Pisonem,
810 483 989 512 familiarem
1003 488 1104 519 tuum,

214 524 371 556 desideres.
396 526 551 556 Antiocho
567 527 647 556 enim
665 525 757 556 Stoici
773 536 843 556 cum
857 525 1063 565 Peripateticis
1075 535 1106 554 re

215 568 370 599 concinere
392 569 544 606 videntur,
561 570 659 599 verbis
679 569 865 609 discrepare:
890 578 951 608 quo
972 568 1009 598 de
1028 568 1106 597 libro

214 611 306 641 velim
323 612 406 648 scire,
424 612 533 649 Balbe,
552 612 627 652 quid
643 612 760 642 sentias.
784 611 917 652 Egone?
934 611 1034 651 inquit
1045 611 1106 640 ille.

215 653 327 691 Miror,
344 655 547 691 Antiochum,
564 655 721 685 hominem
733 656 763 684 in
776 655 882 695 primis
894 660 1029 690 acutum,
1046 663 1107 683 non

214 696 335 735 vidisse,
360 698 501 728 interesse
526 699 697 739 plurimum
721 699 799 728 inter
823 700 949 734 Stoicos,
975 697 1029 737 qui
1054 696 1110 726 ho-

215 746 300 770 nesta
316 751 334 770 a
349 741 527 778 commodis,
544 752 605 771 non
621 742 755 777 nomine,
769 741 821 771 sed
836 751 943 781 genere
959 746 1033 776 toto,
1050 739 1110 769 dis-

212 783 397 823 jungerentg
423 790 452 814 et
474 785 700 825 Peripateticos,
722 785 776 825 qui
794 784 919 814 honesta
934 783 1108 813 commisce-

216 832 284 856 rent
299 837 369 856 cum
385 827 564 864 commodis,
581 834 616 858 ut
637 839 671 858 ea
692 828 770 857 inter
791 838 821 857 se
841 826 1063 867 magnitudine,
1081 832 1110 855 ct

216 869 303 908 quasi
326 870 482 910 gradibus,
506 880 566 901 non
587 881 706 911 genere,
730 870 892 900 differrent.
927 869 1003 899 Haec
1028 869 1110 899 enim

216 917 261 941 est
276 922 336 942 non
353 915 514 944 verborum
530 925 634 954 parva,
655 914 706 944 sed.
727 924 828 943 rerum
850 923 1027 953 permagna,
1050 912 1110 941 dis-

217 955 324 985 sensio.
358 956 477 987 Verum
500 957 565 988 haec
586 957 678 988 alias:
703 966 797 995 nunc,
814 956 896 997 quod
911 955 1068 996 cor-pimus,
1086 954 1111 985 si

217 997 347 1029 videtur.

261 1041 345 1071 Mihi
361 1053 441 1080 vero,
458 1043 558 1084 inquit
574 1044 674 1080 Cotta,
692 1043 820 1074 videtur.
852 1042 911 1073 Sed
930 1048 964 1072 ut
979 1041 1039 1077 hic,
1057 1040 1110 1081 qui

216 1083 388 1123 intervenit,
407 1088 470 1119 (me
486 1087 620 1124 intuens)
637 1097 674 1117 ne
690 1087 818 1128 ignoret,
836 1097 905 1126 quae
924 1096 969 1115 res
990 1090 1109 1125 agatur,

216 1127 255 1157 de
270 1129 380 1158 natura
394 1131 560 1170 agebamus
578 1130 715 1160 Deorum
728 1142 735 1160 ε
761 1140 830 1170 quae
846 1139 916 1161 cum
932 1128 1009 1158 mihi
1028 1127 1111 1157 vide-

217 1176 300 1200 retur
315 1173 506 1211 perobscura,
524 1179 559 1203 ut
575 1184 692 1213 semper
708 1173 802 1203 videri
818 1172 903 1208 solet,
925 1171 1052 1211 Epicuri
1073 1181 1111 1200 ex

218 1213 338 1244 Velleio
354 1215 525 1245 sciscitabar
541 1217 732 1246 sententiam.
760 1215 982 1253 Quamobrem,
999 1214 1111 1254 inquit,

219 1256 331 1294 Vellei,
349 1258 406 1287 nisi
422 1259 585 1289 molestum
602 1265 656 1297 est,
673 1264 773 1300 repete
793 1269 862 1299 quae
878 1268 1016 1298 coeperas.
1050 1257 1114 1287 Re-

219 1305 321 1340 petam
337 1311 426 1331 vero:
453 1313 643 1343 quamquam
660 1312 720 1332 non
736 1301 825 1338 mihi,
843 1301 894 1331 sed
913 1301 978 1336 tibi,
999 1300 1048 1330 hic
1064 1311 1113 1330 ve-

218 1342 266 1372 nit
281 1343 421 1382 adjutor:
446 1347 537 1375 ambo
553 1346 646 1381 enim,
669 1345 769 1386 inquit
790 1344 933 1381 arridens,
953 1345 991 1373 ab
1008 1343 1113 1373 eodem

220 1385 351 1416 Philone
371 1387 448 1417 nihil
469 1388 543 1418 scire
560 1388 714 1418 didicistis.
749 1388 834 1417 Tum
851 1398 917 1428 ego,
935 1387 1021 1424 Quid
1037 1386 1114 1416 didi-

219 1429 361 1467 cerimus,
380 1430 470 1461 Cotta
485 1431 612 1461 viderit:
636 1437 669 1461 tu
682 1436 784 1461 autem
799 1431 869 1460 nolo
884 1430 1048 1466 existimes,
1065 1440 1115 1459 me

219 1471 391 1510 adjutorem
415 1473 487 1504 huic
511 1475 637 1508 venisse,
664 1475 715 1504 sed
736 1474 917 1510 auditorem,
939 1479 968 1503 et
990 1472 1114 1513 quidem

219 1525 356 1555 aequum,
382 1516 478 1547 libero
500 1517 626 1556 judicio,
652 1517 739 1547 nulla
764 1517 913 1556 ejusmodi
936 1516 1112 1546 adstrictum

220 1558 405 1596 necessitate,
425 1565 459 1589 ut
474 1560 552 1590 mihi
568 1560 685 1598 (velim,
702 1560 811 1598 nolim)
828 1559 866 1590 sit
877 1565 957 1590 certa
973 1559 1114 1600 quaedam

220 1601 336 1631 tuenda
351 1603 509 1633 sententia.

264 1644 364 1674 VIII.
388 1645 473 1675 Tum
490 1646 638 1684 Velleius,
656 1646 783 1676 fidenter
799 1656 880 1682 sane,
898 1651 933 1676 ut
944 1645 1041 1675 solent
1052 1645 1112 1683 isti,

220 1687 313 1719 (nihil
329 1693 392 1718 tam
409 1699 524 1726 verens,
541 1700 635 1730 quam
651 1699 689 1720 ne
704 1690 843 1720 dubitare
855 1689 959 1730 aliquit
974 1688 1011 1718 de
1027 1698 1058 1718 re
1070 1688 1114 1718 vi„

219 1729 361 1769 deretu13
387 1737 546 1774 tamquam
561 1732 653 1765 modo
669 1743 707 1765 ex
724 1733 863 1765 Deorum
878 1731 1014 1771 concilio,
1032 1738 1061 1762 et
1076 1742 1113 1763 ex
