1226 1935
262 60 324 93 DE
348 61 547 101 FINIBUS,
572 61 650 93 Lm.
668 61 728 94 IV.
751 62 836 95 CAP.
856 63 904 94 16.
989 64 1030 100 47

138 146 254 178 troduci
274 148 355 179 enim
375 149 471 180 virtus
489 148 575 180 nullo
594 148 686 179 modo
706 154 815 190 potest,
837 149 895 180 nisi
915 149 1030 187 omnia,

139 199 209 230 quae
223 191 313 231 leget,
330 202 460 232 quaeque
474 191 599 231 rejiciet,
613 202 707 222 unam
719 192 886 222 referantur
898 192 936 222 ad
948 203 1032 222 sum-

137 241 230 263 mam.
255 235 351 271 Nam,
369 235 393 265 si
409 235 533 265 omnino
549 244 603 265 nos
614 235 831 276 negligimus,‘
822 245 854 264 m
868 235 1033 266 Aristonea

136 275 210 306 vitia
235 283 264 307 et
288 284 409 326 peccata
434 277 622 327 incidemus;
653 278 937 319 obliviscemurque,
961 289 1032 318 quae

136 317 240 349 virtuti
256 320 313 360 ipsi
328 321 477 361 principia
492 321 672 351 dederimus.
701 321 754 351 Sin
771 332 806 351 ca
821 331 880 351 non
897 321 1032 361 neglige-

136 370 216 398 mus,
234 372 332 404 neque
347 370 448 394 tamen
465 364 503 393 ad
519 364 611 394 finem
633 365 747 394 summi
762 364 834 394 boni
854 364 1029 401 referemus,

134 413 195 434 non
210 406 345 436 multum
362 408 400 437 ab
422 407 534 437 Herilli
552 407 673 437 levitate
692 407 908 437 aberrabimus.
942 406 1031 437 Dua-

133 457 203 477 rum
228 449 309 478 enim
335 449 465 480 vitarum
490 450 576 480 nobis
596 455 685 480 erunt
704 450 843 480 instituta
863 450 1029 490 capienda:

134 489 206 520 facit
221 492 302 522 enim
323 492 376 522 ffle
396 492 457 522 duo
478 494 614 532 sejuncta
628 493 738 522 ultima
753 494 924 529 bonorum·
949 503 1030 533 qme,

133 538 168 562 ut
184 540 281 565 essent
296 545 376 571 vera,
399 537 532 576 conjumr
533 536 543 565 i
564 536 754 566 debuerunt.
779 546 861 566 nunc
882 537 924 566 ita.
944 546 1030 576 sepa-

133 582 250 614 rantur,
267 583 303 608 ut
317 578 468 618 disjuncta
482 579 561 609 sint·
586 589 647 620 quo
667 579 745 609 nihil
764 584 862 620 potest
883 589 945 610 esse
961 589 1031 619 per-

132 619 256 650 versius.

176 662 286 704 Itaque
301 670 404 694 contra
419 670 474 703 est,
491 675 525 695 ac
540 664 658 701 dicitis;
682 675 755 695 nam
775 665 917 695 constitui
935 665 1031 697 virtus

131 706 217 736 nullo
232 707 324 737 modo
343 713 452 748 potest,
475 708 533 738 nisi
553 718 599 745 ea,
616 719 685 749 quae
706 709 766 738 sint
785 709 885 749 prima
900 714 1028 747 naturae,

131 754 166 778 ut
185 749 223 779 ad
244 760 397 780 summam
418 751 610 791 pertinentia,
633 752 755 782 tenebit.
788 752 926 789 Quaesita
946 753 1029 783 enim

131 791 226 822 virtus
251 798 306 830 est,
331 803 392 823 non
418 805 487 834 quae
510 795 692 834 relinqueret
712 801 865 831 naturam,
887 795 938 825 sed
959 806 1030 836 quae

130 838 274 865 tueretur.
307 839 354 866 At
373 836 437 871 illa,
458 843 492 866 ut
502 837 587 867 vobis
602 838 710 877 placet,
727 843 844 877 partem
861 838 1027 878 quamdam

130 881 253 914 tuetur;
278 879 427 920 reliquam
443 879 560 910 deserit.
593 880 726 920 Atque
718 891 784 921 lpsa
802 880 952 911 institutio
973 882 1028 911 ho-

129 920 222 951 minis
237 921 260 951 si
276 922 460 963 loqueretur,
477 923 497 952 h
501 933 542 953 aec
557 923 687 953 diceret:
714 923 834 953 Primos
854 934 922 953 suos
941 925 1028 965 quasi

130 970 244 1004 coeptus
265 966 427 1006 appetendi
447 966 551 1002 fuisse,
574 971 608 995 ut
627 976 657 996 se
672 972 859 996 conservaret
874 967 904 996 in
922 977 957 997 ea
973 977 1028 997 na-

129 1007 209 1043 tura,
225 1007 257 1037 in
270 1019 332 1048 qua
343 1014 426 1039 ortus
438 1015 522 1039 esset.
548 1009 698 1039 Nondum
710 1015 813 1039 autem
826 1010 1027 1050 explanatum

128 1050 200 1080 satis
225 1057 298 1087 erat,
319 1051 395 1092 quid
416 1052 551 1082 maxime
571 1058 680 1082 natura
700 1053 798 1082 vellet.
831 1052 1027 1093 Explanetur

128 1092 230 1133 igitur.
264 1094 350 1132 Quid
371 1105 441 1135 ergo
459 1095 542 1124 aliud
562 1095 759 1148 intelligetur,
782 1095 839 1126 nisi
858 1102 892 1126 ut
911 1106 949 1126 ne
964 1107 1028 1137 qua

127 1146 197 1176 pars
216 1142 333 1167 naturae
351 1138 548 1178 negligatur?
575 1138 607 1168 in
628 1149 690 1178 qua
711 1138 736 1168 si
756 1139 833 1168 nihil
853 1144 898 1169 est
918 1146 1027 1179 praeter

126 1179 286 1216 rationem,
309 1180 347 1210 sit
366 1181 398 1210 in
418 1181 482 1211 una
501 1181 612 1211 virtute
631 1181 700 1211 finis
717 1183 878 1212 bonorum.
913 1182 967 1212 Sin
983 1188 1027 1213 est

127 1222 219 1253 etiam
234 1233 353 1264 corpus,
369 1223 427 1254 ista
442 1224 615 1265 explanatio
629 1230 747 1255 naturae
761 1234 871 1266 nempe
882 1225 939 1256 hoc
955 1226 1028 1256 effe-

126 1265 210 1303 cerit,
227 1272 262 1296 ut
277 1277 323 1305 ea,
343 1277 413 1307 quae
427 1273 498 1298 ante
513 1268 758 1308 explanationem
773 1269 963 1306 tenebamus,
980 1279 1028 1299 re-

125 1288 312 1350 linquamus.
345 1310 430 1351 Ergo
445 1311 476 1341 id
492 1315 537 1341 est
552 1310 762 1341 convenienter
781 1317 898 1341 naturae
913 1312 963 1342 viv
965 1322 1025 1351 ere,

126 1362 145 1382 a
160 1352 269 1382 natura
284 1353 454 1384 discedere!
488 1354 534 1384 Ut
553 1353 680 1395 quidam
700 1354 884 1395 philosophi,
907 1365 990 1393 cum,
1007 1366 1027 1386 a

127 1396 262 1426 sensibus
277 1397 414 1437 profecti,
431 1398 549 1436 majora
564 1397 705 1438 quaedam
721 1408 755 1428 ac
770 1397 918 1428 diviniora
934 1398 1026 1428 vidis-

127 1446 204 1476 sent,
221 1449 324 1470 sensus
340 1440 547 1481 reliquerunt;
569 1441 610 1471 sic
622 1441 682 1479 isti,
696 1451 778 1478 cum,
792 1451 830 1471 ex
842 1441 1027 1482 appetitione

126 1491 240 1521 rerum,
257 1483 375 1513 virtutis
391 1483 650 1524 pulchritudinem
669 1484 887 1525 adspexissent,
909 1485 1024 1522 omnia,

127 1534 197 1565 quae
222 1532 331 1566 praeter
356 1526 500 1557 virtutem
529 1527 626 1568 ipsam
658 1527 805 1565 viderant,
836 1528 1023 1566 abjecerunt,

126 1568 224 1606 obliti,
241 1575 382 1600 naturam
398 1580 521 1600 omnem
537 1570 777 1611 appetendarum
792 1581 894 1601 rerum
909 1571 952 1601 ita
962 1571 1024 1601 late

127 1616 240 1650 patere,
263 1618 298 1642 ut
318 1623 336 1642 a
356 1613 511 1654 principiis
533 1619 724 1654 permanaret
745 1613 784 1644 ad
802 1614 895 1644 fines·
925 1624 1025 1655 neque

127 1653 313 1695 intelligunt,
329 1666 360 1686 se
374 1666 476 1686 rerum
492 1657 615 1687 illarum
636 1657 836 1698 pulchrarum
858 1663 950 1698 atque
970 1657 1024 1688 ad-

126 1696 315 1728 mirabilium
329 1698 529 1730 fundamenta
544 1700 720 1732 subducere.

170 1739 264 1772 XVI.
295 1741 405 1784 Itaque
426 1743 503 1774 mihi
530 1743 670 1776 videntur
694 1753 800 1777 omnes
827 1743 952 1785 quidem
979 1742 1024 1774 ini
