1226 1935
216 70 259 100 613
367 66 429 98 DE
454 64 651 103 FINIBUS,
670 64 749 95 Lm.
762 63 803 95 V.
821 65 904 96 CAP.
921 66 951 96 3.

209 154 261 184 sed
284 153 434 184 audistine
458 152 550 182 modo
573 152 611 182 de
634 151 807 182 Charmada
821 153 835 182 ?
859 151 976 192 Rapior
1000 153 1093 186 illuc:

208 204 326 228 revocat
349 203 452 227 autem
474 195 668 226 Antiochus:
693 205 747 225 nec
763 200 806 224 est
825 201 980 235 praeterea,
1003 207 1094 237 quem

209 240 379 270 audiamus.

252 283 269 312 I
273 283 317 313 ΙΙ.
341 283 426 313 Tum
444 282 525 319 Piso,
543 281 611 312 Etsi
625 282 693 319 hoc,
706 281 816 322 inquit,
830 281 954 313 fortasse
968 293 1028 313 non
1041 295 1095 325 po-

209 326 276 356 terit
292 326 332 356 sic
347 326 440 362 abire,
458 335 528 355 cum
543 325 592 355 hic
608 325 695 362 adsit,
713 328 776 358 (me
787 331 888 355 autem
905 326 1035 363 dicebat)
1052 334 1096 357 ta-

208 378 279 399 men
305 369 422 399 audebo
440 374 468 399 te
491 369 529 398 ab
550 368 606 398 hac
629 368 799 398 Academia
817 369 895 398 novit
911 369 949 399 ad
965 376 1094 400 veterem

207 412 292 442 illam
315 423 439 448 vocare;
463 412 495 441 in
511 412 584 452 qua,
612 418 647 442 ut
661 413 758 443 dicere
778 413 969 442 Antiochum
992 414 1096 443 audie-

208 457 271 493 bas,
295 465 355 485 non
376 455 397 484 ii
421 455 475 485 soli
491 461 700 494 numerantur,
718 456 771 496 qui
791 456 969 486 Academici
987 467 1096 486 vocan-

208 504 268 537 tur,
286 498 484 538 Speusippus,
498 499 693 534 Xenocrates,
706 499 843 537 Polemo,
857 499 996 537 Crantor,
1010 505 1096 529 caete-

207 541 304 582 rique,
322 541 372 571 sed
388 542 479 571 etiam
502 541 694 581 Peripatetici
715 548 838 577 veteres,
859 552 990 581 quorum
1010 543 1094 582 priu-

206 594 274 625 ceps
290 584 479 621 Aristoteles,
497 594 600 624 quem,
621 590 746 624 excepto
769 584 908 621 Platone,
930 584 1014 614 haud
1035 585 1094 615 scio

205 637 244 656 an
260 633 338 658 recte
351 627 482 657 dixerim
498 627 665 667 principem
681 626 942 667 philosophorum.
974 627 1028 657 Ad
1044 639 1094 658 eos

205 670 298 710 igitur
313 677 451 700 converte
466 676 505 708 te,
519 681 629 711 quaeso.
654 671 705 701 Ex
721 681 824 701 eorum
841 671 921 701 enim
934 671 1050 712 scriptis
1066 677 1095 701 et

206 713 361 749 institutis,
378 723 447 744 cum
464 714 562 745 omnis
577 714 713 744 doctrina
728 714 870 751 liberalis,
887 714 985 744 omnis
1000 714 1093 744 histo-

206 756 262 794 ria,
285 757 383 787 omnis
398 767 495 787 sermo
511 757 631 797 elegans
647 757 726 787 sumi
749 763 857 798 potest,
879 763 945 787 tum
967 757 1094 787 varietas

206 806 250 829 est
266 806 349 830 tanta
364 800 487 837 artium,
504 806 538 830 ut
559 810 660 837 nemo,
683 800 746 830 sine
767 810 801 830 eo
820 800 1032 836 instrumento,
1053 801 1091 830 ad

205 844 301 873 ullam
317 854 380 873 reni
396 844 588 873 illustriorem
605 844 675 873 satis
690 849 813 873 ornatus
833 843 926 884 possit
944 843 1090 874 accedere.

206 887 259 916 Ab
275 886 321 916 his
337 892 477 926 oratores,
494 889 532 917 ab
548 887 594 916 his
610 887 814 927 imperatores,
831 897 865 917 ac
888 887 1092 927 rerumpubli-

205 940 309 960 carum
325 930 485 970 principes,
502 930 689 960 exstiterunt.
714 930 758 960 Ut
773 930 811 959 ad
826 930 945 959 minora
960 929 1090 967 veniam,

206 973 423 1011 mathematici,
447 976 554 1013 poe‘tae,
570 973 689 1009 musici,
702 973 812 1003 medici
827 973 957 1013 denique
972 983 1008 1002 ex
1026 972 1093 1011 hac,

204 1021 362 1056 tamquam
379 1027 416 1046 ex
432 1017 570 1046 omnium
586 1016 697 1046 artium
713 1016 843 1052 officina,
859 1016 985 1056 profecti
1000 1022 1080 1045 sunt.

247 1059 300 1088 Ad
315 1070 384 1100 quae
399 1070 464 1100 ego,
481 1059 544 1089 Scis
559 1070 620 1097 me,
633 1059 772 1099 inquam,
785 1059 865 1089 istud
877 1059 958 1089 idem
970 1059 1091 1097 sentire,

205 1102 297 1132 Piso:
322 1102 373 1132 sed
391 1113 408 1133 a
431 1108 459 1132 te
481 1108 649 1143 opportune
671 1102 750 1132 facta
768 1102 882 1132 mentio
905 1108 967 1132 est:
992 1102 1092 1132 studet

205 1145 285 1175 enim
301 1156 387 1175 meus
403 1145 506 1175 audire
523 1146 638 1181 Cicero,
655 1155 796 1186 quaenam
812 1145 850 1175 sit
865 1145 951 1175 istius
971 1145 1090 1183 veteris,

204 1199 297 1228 quam
309 1199 537 1225 commemoras,
554 1188 731 1218 Academiae
745 1188 783 1218 de
798 1188 909 1217 finibus
928 1189 1090 1225 bonorum,

208 1232 536 1272 Peripateticorumque
559 1232 714 1261 sententia.
748 1231 914 1261 censemus
936 1236 1038 1261 autem
1061 1237 1092 1261 te

206 1274 347 1305 facillime
368 1275 399 1305 id
422 1275 583 1315 explanare
603 1285 700 1315 posse,
717 1274 799 1314 quod
811 1280 840 1304 et
856 1274 991 1304 Staseam
1008 1274 1090 1304 Nea-

207 1317 373 1357 politanum
394 1318 506 1348 multos
527 1327 621 1347 annos
641 1317 782 1347 habueris
803 1316 885 1357 apud
905 1323 945 1353 te,
962 1323 991 1346 et
1009 1327 1092 1347 com--

207 1360 306 1400 plures
321 1362 385 1400 jam
402 1371 518 1391 menses
534 1360 666 1390 Athenis
680 1360 766 1390 haec'
759 1370 824 1400 ipsa
839 1365 868 1390 te
883 1371 920 1390 ex
936 1360 1092 1389 Antiocho

208 1403 342 1434 videmus
358 1404 522 1452 exquirere.
547 1403 589 1433 Et
603 1403 655 1433 ille
671 1404 779 1439 ridens,
796 1405 878 1442 Age,
895 1414 961 1443 age,
978 1403 1089 1443 inquit,

207 1446 290 1477 (satis
305 1447 385 1476 enim
402 1447 472 1476 scite
487 1457 536 1476 me
551 1447 644 1476 nostri
660 1445 804 1476 sermonis
825 1446 1008 1486 principium
1028 1456 1090 1475 csse

208 1489 339 1525 voluisti)
355 1500 542 1530 exponamus
558 1489 748 1525 adolescenti,
768 1489 793 1518 si
808 1500 869 1529 qua
890 1489 965 1518 forte
986 1499 1091 1529 possu-

206 1543 282 1562 mus.
308 1533 370 1562 Dat
385 1533 465 1563 enim
481 1533 511 1562 id
527 1532 612 1562 nobis
628 1533 768 1569 solitudo,
785 1532 867 1572 quod
882 1532 906 1561 si
922 1532 990 1573 quis
1007 1531 1092 1560 Deus

207 1575 325 1613 diceret,
343 1586 500 1617 nunquam
521 1582 672 1616 putarem,
694 1586 744 1605 me
764 1575 795 1604 in
816 1575 997 1611 Academia,
1014 1580 1092 1603 tam-

207 1629 301 1658 quam
327 1619 553 1659 philosophum,
581 1618 817 1659 disputaturum.
856 1617 916 1647 Sed
940 1628 989 1654 ne,
1015 1617 1090 1646 dum

209 1661 278 1691 huic
293 1662 451 1702 obsequor,
469 1661 552 1692 vobis
567 1662 710 1691 molestus
731 1661 797 1691 sim.
837 1660 931 1698 Mihi,
953 1660 1092 1700 inquam,

209 1704 261 1743 qui
274 1711 302 1734 te
314 1704 454 1745 idipsum
468 1705 569 1744 rogavi
583 1706 597 1734 ἶ)
620 1705 705 1734 Tum
718 1704 854 1741 Quintus
865 1708 894 1733 et
907 1702 1094 1743 Pomponius

209 1757 278 1777 cum
294 1747 375 1779 idem
391 1758 421 1778 se
437 1748 512 1779 velle
528 1747 684 1785 dixissent,
700 1747 771 1778 Piso
781 1757 905 1777 exorsus
920 1752 972 1777 est.
997 1745 1095 1784 Cujus
