1226 1935
230 58 352 90 TUSC.
368 59 541 98 QUAEST.
558 59 637 90 Iam.
652 58 698 89 11.
724 58 806 90 CM».
824 60 875 89 25.
934 59 994 95 177

111 150 182 174 sunt
201 151 341 175 contenta
360 151 451 186 atque
468 145 598 176 adducta
618 145 845 181 vehementius;
870 145 911 175 sic
926 154 996 181 VOX,

111 188 152 218 sic
168 198 282 225 cursus,
300 189 341 218 sic
356 189 456 230 plaga,
474 189 529 219 hoc
544 188 673 229 gravior,
690 199 750 228 quo
766 194 809 218 est
823 188 914 218 missa
928 197 999 217 con-

113 231 232 261 tentius.
266 233 362 270 Cujus
382 232 578 263 contentionis
599 242 668 261 cum
685 238 768 261 tanta
784 231 827 261 vis
843 231 891 268 sit,
908 230 931 260 si
947 240 1000 270 ge-

113 273 206 304 mitus
226 274 257 303 in
278 274 379 304 dolore
398 274 437 304 ad
457 274 697 306 confirmandum
718 274 856 304 animum
878 273 1000 310 valebit,

113 322 244 346 utemur.
277 317 330 347 Sin
347 318 402 348 erit
421 317 472 347 ifle
487 318 617 358 gemitus
631 317 844 353 lamentabilis,
866 316 890 346 si
906 316 1002 345 imbe-

113 359 211 395 cillus,
228 359 252 389 si
266 361 412 399 abjectus,
434 360 459 390 si
478 360 605 395 flebilis3
631 360 657 390 ei
678 360 731 401 qui
752 371 782 389 se
802 359 927 393 dederit,
951 358 1002 389 vix

114 412 184 432 eum
205 402 304 433 virum
325 403 463 434 dixerim.
496 403 561 441 Qui
582 403 705 444 quidem
726 403 857 443 gemitus
878 402 902 432 si
921 402 1003 432 leva-

114 445 203 475 tionis
222 445 337 486 aliquid
357 446 486 484 afferret,
507 452 608 476 tamen
631 446 811 482 videremus,
833 445 908 486 quid
929 449 1004 474 esset

116 487 201 518 fortis
217 494 246 518 et
260 489 389 519 animosi
404 489 468 519 viri.
504 490 585 519 Cum
601 499 670 519 vero
685 489 761 518 nihil
773 488 936 518 imminuat
951 487 1005 516 do-

114 530 185 560 loris
197 541 249 561 cur
263 531 374 562 frustra
390 538 491 572 turpes
506 542 567 562 esse
583 532 723 563 volumus
735 533 748 562 Ρ
779 530 853 572 quid
868 536 912 561 est
923 529 1005 561 enim

118 573 191 604 fletu
207 574 348 608 muliebri
363 575 427 605 viro
442 575 585 615 turpius?

159 616 267 658 Atque
283 617 339 648 hoc
353 624 549 658 praeceptum,
566 617 648 658 quod
664 617 701 648 de
716 617 818 648 dolore
833 616 933 653 datur,
950 626 1005 657 pa-

117 664 160 690 tet
174 660 274 690 latius.
309 660 465 691 Omnibus
479 661 561 691 enim
576 662 676 698 rebus,
698 671 758 690 non
779 661 879 691 solum
899 659 1007 696 dolori,

119 702 211 732 simili
226 704 415 733 contentione
430 704 525 733 animi
545 703 743 734 resistendum
759 709 812 733 est.
851 703 903 733 Ira
923 713 1010 732 exar-

119 745 236 776 descit?
260 746 354 776 libido
378 746 567 777 concitatur?
600 746 640 776 In
661 746 799 776 eamdem
819 756 918 775 arcem
939 755 1010 776 con-

119 788 301 828 fugiendum
326 794 388 818 est:
414 789 519 818 eadem
545 795 615 819 sunt
638 799 724 819 arma
749 788 905 818 sumenda.
938 787 1010 826 Sed,

120 831 267 872 quoniam
287 831 325 861 de
348 831 449 861 dolore
472 832 639 873 loquimur,
664 831 717 861 illa
737 831 923 861 omittamus.
957 831 1012 861 Ad

120 874 280 904 ferendum
295 874 388 914 igitur
399 874 533 905 dolorem
545 874 662 915 placide
674 880 703 904 et
715 874 825 912 sedate,
841 874 1012 915 plurimum

121 917 251 958 proficit,
274 923 335 947 toto
356 924 473 958 pectore
497 920 546 952 (ut
565 917 687 955 dicitur)
708 917 849 957 cogitare,
872 927 965 957 quarn
981 916 1013 947 id

122 960 285 991 honestum
300 960 346 990 sit.
371 962 485 991 Sumus
500 960 582 990 enim
597 960 717 999 natura,
734 967 768 990 ut
783 966 853 990 ante
867 960 942 997 dixi,
955 959 1015 994 (di-

123 1003 255 1034 cendum
279 1009 323 1033 est
346 1003 427 1034 enim
451 1003 573 1045 saepius)
589 1003 808 1041 studiosissimi,
833 1003 1017 1044 appetentis-

125 1046 256 1087 simique
280 1046 463 1082 honestatis;
488 1047 574 1086 cujus
599 1047 623 1077 si
649 1047 736 1088 quasi
761 1047 866 1077 lumen
892 1045 1017 1086 aliquod

126 1089 365 1130 adspexerimus,
388 1089 466 1120 nihil
481 1096 535 1128 est,
552 1089 645 1130 quod,
666 1096 700 1119 ut
720 1100 754 1124 eo
775 1089 939 1130 potiamur,
956 1098 1017 1119 non

127 1132 224 1173 parati
245 1133 339 1162 simus
359 1138 389 1162 et
403 1132 479 1162 ferre
493 1139 523 1166 et
537 1132 661 1173 perpeti.
685 1132 736 1162 Ex
751 1133 809 1162 hoe
824 1142 912 1162 cursu
928 1137 1021 1172 atque

127 1176 245 1216 impetu
261 1175 433 1205 animorum
449 1175 487 1205 ad
502 1186 604 1206 veram
624 1175 747 1205 laudem
767 1180 859 1216 atque
878 1175 1019 1205 honesta-

127 1224 202 1256 tem,
226 1218 279 1248 illa
293 1218 426 1259 pericula
440 1218 590 1248 adeuntur
600 1218 632 1248 in
647 1218 767 1259 proeliis.
801 1219 874 1248 Non
886 1217 1020 1248 sentiunt

128 1261 187 1292 viri
202 1261 292 1292 fortes
306 1261 339 1291 in
353 1261 415 1291 acie
431 1262 576 1298 vulnera;
601 1261 659 1299 vel,
683 1261 708 1295 si
728 1261 872 1299 sentiunt,
895 1271 926 1295 se
943 1260 1022 1290 mori

129 1305 261 1343 malunt,
285 1315 379 1345 quam
403 1304 558 1335 tantillum
578 1304 669 1335 modo
693 1304 730 1334 de
751 1304 905 1344 dignitatis
925 1303 1022 1345 gradu

131 1347 292 1378 demoveri.
316 1347 483 1388 Fulgentes
495 1347 611 1388 gladios
622 1347 756 1378 hostium
768 1347 911 1377 videbant
922 1346 1022 1384 Decii,

133 1401 204 1420 cum
219 1391 251 1420 in
266 1390 361 1421 aciem
377 1401 482 1420 eorum
497 1391 660 1421 irruebant.
695 1390 755 1421 His
766 1390 887 1420 levabat
900 1399 1024 1420 omnem

134 1434 296 1464 vulnerum
312 1440 429 1464 metum
444 1433 584 1464 nobilitas
599 1433 715 1471 mortis,
741 1439 770 1464 et
793 1433 897 1473 gloria.
936 1433 1025 1463 Num

135 1481 170 1506 tu
190 1476 371 1516 ingemuisse
386 1476 634 1517 Epaminondam
655 1482 755 1516 putas,
778 1486 860 1513 cum,
878 1475 940 1506 una
955 1485 1026 1505 cum

137 1520 293 1560 sanguine,
314 1520 408 1550 vitam
423 1519 544 1550 effluere
559 1519 704 1550 sentiret?
728 1519 928 1559 imperantem
944 1519 1026 1548 enim

136 1563 266 1603 patriam
283 1562 519 1592 Lacedaemoniis
534 1563 733 1603 relinquebat,
756 1572 849 1602 quam
873 1567 1027 1602 acceperat

139 1605 316 1635 servientem
327 1617 336 1635 z
360 1606 424 1636 haec
439 1611 509 1636 sunt
529 1605 645 1644 solatia,
662 1605 726 1635 haec
741 1605 876 1635 fomenta
891 1614 1028 1634 summo-

139 1658 209 1678 rum
225 1648 375 1678 dolorum.

181 1691 290 1722 XXV.
315 1691 417 1730 Dices,
434 1691 531 1732 quid'
524 1702 555 1721 in
571 1702 664 1733 pace.
656 1693 670 1721 Ρ
695 1691 769 1732 quid
784 1690 887 1720 domi
880 1691 893 1709 ⁹
910 1689 1005 1731 quid
998 1699 1029 1719 m

137 1734 275 1766 lectulo?
299 1734 353 1765 Ad
368 1735 562 1777 philosophos
585 1745 635 1766 me
654 1745 786 1773 revocaS,
809 1733 864 1775 qui
887 1733 919 1763 in
942 1743 1036 1764 aciem
