1226 1935
234 98 356 130 TUSC.
373 98 546 137 QUAEST.
570 99 650 130 Lm.
668 99 728 130 lv.
752 100 836 131 CAP.
853 101 905 131 24.
950 102 1014 138 237

128 184 292 215 Homerico
315 184 447 215 foedius?
471 184 545 225 quid
568 185 814 225 Agamemnone,
835 186 866 216 in
885 187 1014 227 jurgio?

128 236 199 256 nam
214 227 343 266 Ajacem
356 227 500 268 quidem
492 238 536 258 ua
551 228 589 258 ad
601 228 733 258 furorem
746 234 936 270 mortemque
947 241 1014 270 per-

129 269 226 300 duxit.
251 270 322 301 Non
338 271 431 310 igitur
445 270 592 301 desiderat
607 271 751 301 fortitudo
765 271 963 302 advocatam
955 283 1015 303 ira-

128 312 280 343 cundiam.
319 313 397 343 Satis
421 319 464 343 est
488 314 643 350 instructa
669 321 797 351 armata,
821 320 937 355 parata,
961 326 1014 356 per

128 366 198 386 sese.
224 356 307 386 Nam
323 356 379 386 isto
383 354 485 386 modo
500 357 623 397 quidem
639 356 708 387 licet
723 357 830 394 dicere,
847 358 953 388 utilem
969 358 1014 388 vi-

127 399 291 429 nolentiam
307 399 345 428 ad
360 399 580 437 fortitudinem,
597 399 702 430 utilem
714 400 803 429 etiam
816 400 1012 438 dementiam,

128 441 209 482 quod
225 447 254 472 et
269 441 365 471 insani
381 448 410 472 et
425 442 498 472 ebrii
513 443 611 472 multa
625 442 740 472 faciunt
760 453 838 483 saepe
852 443 1014 473 vehemen-

128 485 196 514 tius.
220 486 344 525 Semper
364 485 450 524 Ajax
470 484 574 515 fortis:
599 485 779 516 fortissimus
794 493 896 516 tamen
911 486 942 516 in
963 486 1013 517 fu-

127 537 211 558 rore:

171 587 193 604 ‘⁶
206 586 291 616 Nam
311 587 426 617 facinus
447 587 517 617 fecit
536 587 719 626 maximum,
736 597 818 625 cum,
835 586 952 618 Danais
966 588 1013 618 in-

254 630 446 667 clinandbus,

169 672 331 703 Summam
355 683 418 703 rem
440 672 563 714 perfecit
579 683 700 711 manus,
722 674 862 715 proelium
884 674 1014 704 restituit

254 715 435 746 insaniens.'’

169 785 297 816 XXIV.
315 786 462 817 Dicamus
477 786 570 827 igitur
584 786 691 817 utilem
703 787 877 818 insaniam?
901 786 1014 818 Tracta

127 828 332 859 definitionem
357 830 560 860 fortitudinis:
584 829 744 870 intelligeS‚
768 840 835 860 eam
860 830 1014 861 stomacho

126 881 187 902 non
208 883 302 912 egere.
335 872 495 902 Fortitudo
516 879 559 903 est
579 873 672 913 igitur
692 872 808 903 affectio
823 873 929 910 animi,
952 873 1013 914 legi

126 925 254 945 summae
269 915 300 945 in
316 916 515 956 perpetiendis
530 917 619 946 rebus
633 917 863 956 obtemperans3
881 916 927 946 vel
943 926 1014 946 con-

125 958 251 988 servatio
263 959 376 989 stabilis
385 959 491 998 judicii
506 958 537 988 in
553 959 594 989 eis
609 960 709 995 rebus,
726 969 794 999 quae
810 959 1012 989 formidolosae

126 1000 276 1037 videntur,
294 1001 468 1040 subeundis,
490 1007 520 1032 et
540 1001 738 1042 repellendis;
762 1002 808 1031 vel
830 1002 952 1032 scientia
966 1013 1013 1032 re·-

125 1053 195 1074 rum
215 1044 489 1081 formidolosarum,
513 1045 801 1085 contrariarumque,
823 1045 1013 1085 perferenda-

125 1097 194 1116 rum
215 1093 268 1117 aut
288 1087 412 1118 omnino
432 1087 693 1128 negligendamm,
715 1097 891 1118 conservans
907 1098 1012 1118 earum

125 1139 225 1160 rerum
237 1131 343 1160 stabile
355 1131 525 1170 judicium:
540 1131 598 1168 vel,
611 1131 742 1168 brevius,
756 1137 791 1160 ut
800 1131 1010 1171 Chrysippus·

125 1174 211 1206 (nam
231 1174 395 1214 superiores
416 1174 603 1204 defiritiones
623 1179 708 1204 erant
728 1173 857 1214 Sphaeri,
880 1174 1013 1204 hominis

123 1215 155 1245 in
179 1216 285 1256 primis
307 1218 384 1247 bene
407 1216 588 1255 definientis,
611 1222 646 1246 ut
671 1222 781 1257 putant
804 1217 916 1247 Stoici:
941 1223 1013 1247 sunt

123 1259 205 1289 enim
221 1260 344 1289 omnino
358 1270 463 1290 omnes
474 1259 536 1289 fere
551 1259 683 1296 similes3
700 1259 752 1290 sed
767 1259 919 1290 declarant
930 1270 1013 1290 com-

123 1311 231 1332 munes
246 1303 391 1341 notiones,
414 1303 474 1332 alia
488 1303 585 1342 magis
601 1303 685 1339 alia.)
717 1303 789 1340 Quo
809 1303 901 1333 modo
917 1302 1012 1343 igitur

124 1345 337 1385 Chrysippus?
368 1348 391 1364 “
416 1345 575 1375 Fortitudo
601 1346 679 1383 est,''
709 1345 821 1386 inquit,
847 1348 868 1363 ‘⁶
890 1346 1014 1376 scientia

124 1388 368 1428 perferendarum
382 1398 494 1425 rerum,
512 1389 559 1418 vel
574 1388 690 1418 affectio
705 1388 811 1426 animi,
826 1389 859 1418 in
870 1389 1012 1429 patiendo

125 1441 160 1461 ac
188 1430 374 1471 perferendo,
405 1441 534 1461 summae
562 1431 622 1472 legi
648 1442 756 1472 parens
782 1431 846 1461 sine
871 1432 1012 1462 timore.''

125 1473 276 1510 Quamvis
286 1474 355 1504 licet
366 1474 546 1504 insectemur
557 1474 640 1512 istos,
656 1480 691 1504 ut
707 1474 875 1505 Carneades
887 1475 1011 1513 solebat,

125 1523 239 1554 metuo,
263 1526 301 1547 ne
322 1517 376 1547 soli
395 1517 567 1558 philosophi
586 1517 655 1547 sint.
689 1517 770 1555 Quae
790 1518 870 1547 enim
886 1517 1012 1547 istarum

125 1559 333 1589 definitionum
347 1569 407 1590 non
420 1560 514 1600 aperit
525 1559 678 1590 notionem
690 1567 835 1598 nostram,
848 1571 942 1601 quam
957 1561 1013 1590 ha-

125 1603 232 1633 bemus
252 1612 356 1633 omnes
379 1603 416 1632 de
439 1602 626 1641 fortitudine,
650 1609 760 1634 tectam
782 1610 873 1644 atque
893 1603 1013 1633 involu-

125 1647 214 1675 tam?
238 1645 299 1686 qua
319 1645 433 1686 aperta,
457 1646 525 1686 quis
549 1652 603 1684 est,
629 1646 682 1687 qui
706 1653 759 1676 aut
783 1646 931 1683 bellatori,
959 1652 1013 1676 aut

135 1688 308 1728 inperatori,
331 1695 384 1718 aut
406 1688 526 1725 oratori,
550 1695 666 1730 quaerat
688 1689 816 1729 aliquid,
840 1699 938 1730 neque
963 1700 1012 1719 tos

126 1731 276 1761 existimet
291 1731 354 1762 sine
369 1731 450 1762 rabie
465 1731 635 1772 quidquam
651 1732 766 1762 fortiter
781 1732 877 1762 facere
891 1742 977 1772 posse
987 1733 1002 1762 Ρ

167 1774 275 1812 Quid?
298 1774 402 1812 Stoici,
425 1774 479 1815 qui
500 1784 604 1805 omnes
624 1774 798 1816 insipientes
816 1775 936 1806 insanos
951 1785 1014 1805 esse
