<?xml version="1.0" encoding="UTF-8"?>
<!DOCTYPE html PUBLIC "-//W3C//DTD XHTML 1.0 Transitional//EN"
    "http://www.w3.org/TR/xhtml1/DTD/xhtml1-transitional.dtd">
<html xmlns="http://www.w3.org/1999/xhtml" xml:lang="en" lang="en">
 <head>
  <title>
</title>
<meta http-equiv="Content-Type" content="text/html;charset=utf-8" />
  <meta name='ocr-system' content='tesseract 3.04.00' />
  <meta name='ocr-capabilities' content='ocr_page ocr_carea ocr_par ocr_line ocrx_word'/>
</head>
<body>
  <div class='ocr_page' id='page_1' title='image "./operaern03ciceuoft_0262.png"; bbox 0 0 1226 1935; ppageno 0'>
   <div class='ocr_carea' id='block_1_1' title="bbox 215 82 983 122">
    <p class='ocr_par' dir='ltr' id='par_1_1' title="bbox 215 82 983 122">
     <span class='ocr_line' id='line_1_1' title="bbox 215 82 983 122; baseline -0.003 -8"><span class='ocrx_word' id='word_1_1' title='bbox 215 84 278 115; x_wconf 79' lang='lat'><strong>248</strong></span> <span class='ocrx_word' id='word_1_2' title='bbox 327 83 448 115; x_wconf 79' lang='lat' dir='ltr'>TUSC.</span> <span class='ocrx_word' id='word_1_3' title='bbox 466 82 636 122; x_wconf 80' lang='lat' dir='ltr'><strong>QUAEST.</strong></span> <span class='ocrx_word' id='word_1_4' title='bbox 653 83 731 114; x_wconf 77' lang='lat' dir='ltr'><strong>Lm.</strong></span> <span class='ocrx_word' id='word_1_5' title='bbox 750 82 808 114; x_wconf 86' lang='lat' dir='ltr'><strong>IV.</strong></span> <span class='ocrx_word' id='word_1_6' title='bbox 833 82 914 113; x_wconf 83' lang='lat' dir='ltr'><strong>CAP.</strong></span> <span class='ocrx_word' id='word_1_7' title='bbox 932 82 983 117; x_wconf 85' lang='lat'><strong>37.</strong></span> 
     </span>
    </p>
   </div>
   <div class='ocr_carea' id='block_1_2' title="bbox 262 167 1098 293">
    <p class='ocr_par' dir='ltr' id='par_1_2' title="bbox 262 167 1098 293">
     <span class='ocr_line' id='line_1_2' title="bbox 262 167 1098 210; baseline -0.004 -10"><span class='ocrx_word' id='word_1_8' title='bbox 262 171 284 188; x_wconf 86' lang='lat'><strong>“</strong></span> <span class='ocrx_word' id='word_1_9' title='bbox 300 170 379 208; x_wconf 87' lang='lat' dir='ltr'><strong>Quis</strong></span> <span class='ocrx_word' id='word_1_10' title='bbox 399 169 490 200; x_wconf 89' lang='lat' dir='ltr'>homo</span> <span class='ocrx_word' id='word_1_11' title='bbox 513 176 541 200; x_wconf 90' lang='lat' dir='ltr'><strong>te</strong></span> <span class='ocrx_word' id='word_1_12' title='bbox 564 169 753 210; x_wconf 83' lang='lat' dir='ltr'>exsuperavit</span> <span class='ocrx_word' id='word_1_13' title='bbox 773 167 942 209; x_wconf 84' lang='lat' dir='ltr'>[unquam]</span> <span class='ocrx_word' id='word_1_14' title='bbox 962 167 1098 208; x_wconf 86' lang='lat' dir='ltr'><strong>gentium</strong></span> 
     </span>
     <span class='ocr_line' id='line_1_3' title="bbox 347 213 563 253; baseline 0 -11"><span class='ocrx_word' id='word_1_15' title='bbox 347 213 535 253; x_wconf 55' lang='lat' dir='ltr'><strong>impudenti&amp;</strong></span> <span class='ocrx_word' id='word_1_16' title='bbox 549 214 563 243; x_wconf 66' lang='grc' dir='ltr'><strong><em>ἓ</em></strong></span> 
     </span>
     <span class='ocr_line' id='line_1_4' title="bbox 262 255 685 293; baseline 0 -8"><span class='ocrx_word' id='word_1_17' title='bbox 262 255 341 293; x_wconf 87' lang='lat' dir='ltr'><strong>Quis</strong></span> <span class='ocrx_word' id='word_1_18' title='bbox 356 261 457 285; x_wconf 82' lang='lat' dir='ltr'><strong>autem</strong></span> <span class='ocrx_word' id='word_1_19' title='bbox 473 256 590 286; x_wconf 62' lang='lat' dir='ltr'><strong>malitia</strong></span> <span class='ocrx_word' id='word_1_20' title='bbox 605 261 635 286; x_wconf 89' lang='lat' dir='ltr'><strong>te</strong></span> <span class='ocrx_word' id='word_1_21' title='bbox 648 255 685 285; x_wconf 76' lang='lat'><strong>?&#39;‘</strong></span> 
     </span>
    </p>
   </div>
   <div class='ocr_carea' id='block_1_3' title="bbox 219 321 1104 493">
    <p class='ocr_par' dir='ltr' id='par_1_3' title="bbox 219 321 1104 493">
     <span class='ocr_line' id='line_1_5' title="bbox 221 321 1103 365; baseline -0.002 -11"><span class='ocrx_word' id='word_1_22' title='bbox 221 324 324 362; x_wconf 58' lang='lat' dir='ltr'><strong>Nasti,</strong></span> <span class='ocrx_word' id='word_1_23' title='bbox 340 335 409 365; x_wconf 83' lang='lat' dir='ltr'><strong>quae</strong></span> <span class='ocrx_word' id='word_1_24' title='bbox 425 330 611 364; x_wconf 82' lang='lat' dir='ltr'><strong>sequuntur:</strong></span> <span class='ocrx_word' id='word_1_25' title='bbox 635 323 757 354; x_wconf 82' lang='lat' dir='ltr'><strong>alternis</strong></span> <span class='ocrx_word' id='word_1_26' title='bbox 769 323 849 354; x_wconf 86' lang='lat' dir='ltr'><strong>enim</strong></span> <span class='ocrx_word' id='word_1_27' title='bbox 866 322 999 353; x_wconf 89' lang='lat' dir='ltr'><strong>versibus</strong></span> <span class='ocrx_word' id='word_1_28' title='bbox 1010 321 1103 352; x_wconf 87' lang='lat' dir='ltr'><strong>intor-</strong></span> 
     </span>
     <span class='ocr_line' id='line_1_6' title="bbox 220 365 1103 408; baseline -0.003 -11"><span class='ocrx_word' id='word_1_29' title='bbox 220 373 351 408; x_wconf 86' lang='lat' dir='ltr'><strong>quentur</strong></span> <span class='ocrx_word' id='word_1_30' title='bbox 366 367 442 397; x_wconf 86' lang='lat' dir='ltr'><strong>inter</strong></span> <span class='ocrx_word' id='word_1_31' title='bbox 457 367 561 397; x_wconf 85' lang='lat' dir='ltr'><strong>fratres</strong></span> <span class='ocrx_word' id='word_1_32' title='bbox 575 367 759 407; x_wconf 64' lang='lat' dir='ltr'><strong>gravissimae</strong></span> <span class='ocrx_word' id='word_1_33' title='bbox 773 366 984 400; x_wconf 78' lang='lat' dir='ltr'><strong>contumeliae3</strong></span> <span class='ocrx_word' id='word_1_34' title='bbox 1009 370 1043 394; x_wconf 91' lang='lat' dir='ltr'><strong>ut</strong></span> <span class='ocrx_word' id='word_1_35' title='bbox 1058 365 1103 394; x_wconf 85' lang='lat' dir='ltr'><strong>fa-</strong></span> 
     </span>
     <span class='ocr_line' id='line_1_7' title="bbox 219 407 1104 451; baseline -0.003 -11"><span class='ocrx_word' id='word_1_36' title='bbox 219 410 276 440; x_wconf 86' lang='lat' dir='ltr'><strong>cile</strong></span> <span class='ocrx_word' id='word_1_37' title='bbox 294 416 446 451; x_wconf 85' lang='lat' dir='ltr'><strong>appareat,</strong></span> <span class='ocrx_word' id='word_1_38' title='bbox 462 410 551 440; x_wconf 87' lang='lat' dir='ltr'><strong>Atrei</strong></span> <span class='ocrx_word' id='word_1_39' title='bbox 573 409 649 439; x_wconf 82' lang='lat' dir='ltr'>filios</span> <span class='ocrx_word' id='word_1_40' title='bbox 674 420 746 447; x_wconf 83' lang='lat' dir='ltr'><strong>esse,</strong></span> <span class='ocrx_word' id='word_1_41' title='bbox 772 410 847 448; x_wconf 85' lang='lat' dir='ltr'><strong>ejus,</strong></span> <span class='ocrx_word' id='word_1_42' title='bbox 867 408 921 449; x_wconf 91' lang='lat' dir='ltr'><strong>qui</strong></span> <span class='ocrx_word' id='word_1_43' title='bbox 941 407 1104 438; x_wconf 80' lang='lat' dir='ltr'>meditatur</span> 
     </span>
     <span class='ocr_line' id='line_1_8' title="bbox 220 453 669 493; baseline -0.002 -10"><span class='ocrx_word' id='word_1_44' title='bbox 220 463 341 493; x_wconf 84' lang='lat' dir='ltr'><strong>poenam</strong></span> <span class='ocrx_word' id='word_1_45' title='bbox 357 453 388 483; x_wconf 90' lang='lat' dir='ltr'><strong>in</strong></span> <span class='ocrx_word' id='word_1_46' title='bbox 403 453 526 483; x_wconf 86' lang='lat' dir='ltr'><strong>fratrem</strong></span> <span class='ocrx_word' id='word_1_47' title='bbox 539 462 649 482; x_wconf 83' lang='lat' dir='ltr'><strong>novam</strong></span> <span class='ocrx_word' id='word_1_48' title='bbox 661 464 669 482; x_wconf 88' lang='lat'>:</span> 
     </span>
    </p>
   </div>
   <div class='ocr_carea' id='block_1_4' title="bbox 261 510 1106 628">
    <p class='ocr_par' dir='ltr' id='par_1_4' title="bbox 261 510 1106 628">
     <span class='ocr_line' id='line_1_9' title="bbox 266 510 1079 552; baseline -0.005 -9"><span class='ocrx_word' id='word_1_49' title='bbox 266 515 289 531; x_wconf 84' lang='grc'>“</span> <span class='ocrx_word' id='word_1_50' title='bbox 306 513 409 552; x_wconf 84' lang='lat' dir='ltr'>Major</span> <span class='ocrx_word' id='word_1_51' title='bbox 424 512 499 542; x_wconf 84' lang='lat' dir='ltr'><strong>mihi</strong></span> <span class='ocrx_word' id='word_1_52' title='bbox 514 512 619 549; x_wconf 84' lang='lat' dir='ltr'><strong>moles,</strong></span> <span class='ocrx_word' id='word_1_53' title='bbox 635 512 735 551; x_wconf 88' lang='lat' dir='ltr'>majus</span> <span class='ocrx_word' id='word_1_54' title='bbox 746 510 934 541; x_wconf 86' lang='lat' dir='ltr'><strong>miscendum</strong></span> <span class='ocrx_word' id='word_1_55' title='bbox 949 510 1079 546; x_wconf 84' lang='lat' dir='ltr'>malum,</span> 
     </span>
     <span class='ocr_line' id='line_1_10' title="bbox 261 551 1106 594; baseline -0.004 -9"><span class='ocrx_word' id='word_1_56' title='bbox 261 555 330 594; x_wconf 85' lang='lat' dir='ltr'><strong>Qui</strong></span> <span class='ocrx_word' id='word_1_57' title='bbox 360 555 441 585; x_wconf 81' lang='lat' dir='ltr'><strong>illius</strong></span> <span class='ocrx_word' id='word_1_58' title='bbox 465 556 606 585; x_wconf 85' lang='lat' dir='ltr'>acerbum</span> <span class='ocrx_word' id='word_1_59' title='bbox 634 565 683 585; x_wconf 89' lang='lat' dir='ltr'><strong>cor</strong></span> <span class='ocrx_word' id='word_1_60' title='bbox 705 554 889 585; x_wconf 85' lang='lat' dir='ltr'><strong>contundam</strong></span> <span class='ocrx_word' id='word_1_61' title='bbox 918 559 948 584; x_wconf 88' lang='lat' dir='ltr'><strong>et</strong></span> <span class='ocrx_word' id='word_1_62' title='bbox 976 551 1106 593; x_wconf 82' lang='lat' dir='ltr'><strong>compri-</strong></span> 
     </span>
     <span class='ocr_line' id='line_1_11' title="bbox 348 598 465 628; baseline 0 0"><span class='ocrx_word' id='word_1_63' title='bbox 348 598 465 628; x_wconf 85' lang='lat' dir='ltr'>mam.”</span> 
     </span>
    </p>
   </div>
   <div class='ocr_carea' id='block_1_5' title="bbox 224 669 1105 715">
    <p class='ocr_par' dir='ltr' id='par_1_5' title="bbox 224 669 1105 715">
     <span class='ocr_line' id='line_1_12' title="bbox 224 669 1105 715; baseline -0.007 -10"><span class='ocrx_word' id='word_1_64' title='bbox 224 674 304 712; x_wconf 83' lang='lat' dir='ltr'><strong>Quae</strong></span> <span class='ocrx_word' id='word_1_65' title='bbox 319 674 411 715; x_wconf 86' lang='lat' dir='ltr'>igitur</span> <span class='ocrx_word' id='word_1_66' title='bbox 426 673 474 704; x_wconf 85' lang='lat' dir='ltr'><strong>hae</strong></span> <span class='ocrx_word' id='word_1_67' title='bbox 486 679 574 704; x_wconf 85' lang='lat' dir='ltr'><strong>erunt</strong></span> <span class='ocrx_word' id='word_1_68' title='bbox 582 672 676 703; x_wconf 87' lang='lat' dir='ltr'><strong>moles</strong></span> <span class='ocrx_word' id='word_1_69' title='bbox 690 674 703 703; x_wconf 73' lang='grc' dir='ltr'><strong><em>Ρ</em></strong></span> <span class='ocrx_word' id='word_1_70' title='bbox 727 671 798 702; x_wconf 84' lang='lat' dir='ltr'><strong>audi</strong></span> <span class='ocrx_word' id='word_1_71' title='bbox 809 671 975 712; x_wconf 87' lang='lat' dir='ltr'><strong>Thyestem</strong></span> <span class='ocrx_word' id='word_1_72' title='bbox 984 669 1085 711; x_wconf 85' lang='lat' dir='ltr'><strong>ipsum</strong></span> <span class='ocrx_word' id='word_1_73' title='bbox 1097 681 1105 700; x_wconf 89' lang='lat'>:</span> 
     </span>
    </p>
   </div>
   <div class='ocr_carea' id='block_1_6' title="bbox 268 741 1108 818">
    <p class='ocr_par' dir='ltr' id='par_1_6' title="bbox 268 741 1108 818">
     <span class='ocr_line' id='line_1_13' title="bbox 268 741 1108 785; baseline -0.004 -11"><span class='ocrx_word' id='word_1_74' title='bbox 268 748 291 763; x_wconf 85' lang='lat'>“</span> <span class='ocrx_word' id='word_1_75' title='bbox 309 745 427 785; x_wconf 85' lang='lat' dir='ltr'><strong>Impius</strong></span> <span class='ocrx_word' id='word_1_76' title='bbox 442 744 579 774; x_wconf 82' lang='lat' dir='ltr'>hortatur</span> <span class='ocrx_word' id='word_1_77' title='bbox 593 753 643 774; x_wconf 86' lang='lat' dir='ltr'><strong>me</strong></span> <span class='ocrx_word' id='word_1_78' title='bbox 656 741 759 780; x_wconf 86' lang='lat' dir='ltr'><strong>frater,</strong></span> <span class='ocrx_word' id='word_1_79' title='bbox 772 747 807 772; x_wconf 90' lang='lat' dir='ltr'><strong>ut</strong></span> <span class='ocrx_word' id='word_1_80' title='bbox 821 751 904 772; x_wconf 90' lang='lat' dir='ltr'><strong>meos</strong></span> <span class='ocrx_word' id='word_1_81' title='bbox 918 741 1006 772; x_wconf 82' lang='lat' dir='ltr'>malis</span> <span class='ocrx_word' id='word_1_82' title='bbox 1018 741 1108 772; x_wconf 85' lang='lat' dir='ltr'><strong>miser</strong></span> 
     </span>
     <span class='ocr_line' id='line_1_14' title="bbox 268 786 585 818; baseline -0.003 -1"><span class='ocrx_word' id='word_1_83' title='bbox 268 786 451 818; x_wconf 87' lang='lat' dir='ltr'><strong>Manderem</strong></span> <span class='ocrx_word' id='word_1_84' title='bbox 467 787 585 817; x_wconf 87' lang='lat' dir='ltr'><strong>natos.&#39;&#39;</strong></span> 
     </span>
    </p>
   </div>
   <div class='ocr_carea' id='block_1_7' title="bbox 225 854 1114 1799">
    <p class='ocr_par' dir='ltr' id='par_1_7' title="bbox 225 854 1113 1488">
     <span class='ocr_line' id='line_1_15' title="bbox 225 854 1108 898; baseline -0.006 -10"><span class='ocrx_word' id='word_1_85' title='bbox 225 858 344 888; x_wconf 86' lang='lat' dir='ltr'>Eorum</span> <span class='ocrx_word' id='word_1_86' title='bbox 374 857 485 888; x_wconf 78' lang='lat' dir='ltr'><strong>viscera</strong></span> <span class='ocrx_word' id='word_1_87' title='bbox 508 857 651 898; x_wconf 84' lang='lat' dir='ltr'><strong>apponit:</strong></span> <span class='ocrx_word' id='word_1_88' title='bbox 676 855 750 897; x_wconf 88' lang='lat' dir='ltr'>quid</span> <span class='ocrx_word' id='word_1_89' title='bbox 776 860 818 885; x_wconf 83' lang='lat' dir='ltr'><strong>est</strong></span> <span class='ocrx_word' id='word_1_90' title='bbox 841 854 934 889; x_wconf 84' lang='lat' dir='ltr'><strong>enim,</strong></span> <span class='ocrx_word' id='word_1_91' title='bbox 961 863 1023 894; x_wconf 93' lang='lat' dir='ltr'><strong>quo</strong></span> <span class='ocrx_word' id='word_1_92' title='bbox 1047 862 1108 884; x_wconf 91' lang='lat' dir='ltr'><strong>non</strong></span> 
     </span>
     <span class='ocr_line' id='line_1_16' title="bbox 226 896 1109 941; baseline -0.006 -11"><span class='ocrx_word' id='word_1_93' title='bbox 226 900 434 941; x_wconf 82' lang='lat' dir='ltr'>progrediatur</span> <span class='ocrx_word' id='word_1_94' title='bbox 451 899 534 939; x_wconf 75' lang='lat' dir='ltr'>[ira?</span> <span class='ocrx_word' id='word_1_95' title='bbox 552 900 667 937; x_wconf 85' lang='lat' dir='ltr'><strong>eodem,</strong></span> <span class='ocrx_word' id='word_1_96' title='bbox 685 909 746 939; x_wconf 91' lang='lat' dir='ltr'><strong>quo</strong></span> <span class='ocrx_word' id='word_1_97' title='bbox 760 898 870 938; x_wconf 68' lang='lat' dir='ltr'>fui-on]</span> <span class='ocrx_word' id='word_1_98' title='bbox 896 897 1004 937; x_wconf 76' lang='lat' dir='ltr'><strong>Itaque</strong></span> <span class='ocrx_word' id='word_1_99' title='bbox 1018 896 1109 926; x_wconf 84' lang='lat' dir='ltr'><strong>iratos</strong></span> 
     </span>
     <span class='ocr_line' id='line_1_17' title="bbox 226 939 1110 984; baseline -0.006 -11"><span class='ocrx_word' id='word_1_100' title='bbox 226 943 346 984; x_wconf 84' lang='lat' dir='ltr'>proprie</span> <span class='ocrx_word' id='word_1_101' title='bbox 361 943 489 974; x_wconf 84' lang='lat' dir='ltr'>dicimus</span> <span class='ocrx_word' id='word_1_102' title='bbox 505 943 601 973; x_wconf 82' lang='lat' dir='ltr'><strong>exisse</strong></span> <span class='ocrx_word' id='word_1_103' title='bbox 616 942 652 972; x_wconf 90' lang='lat' dir='ltr'><strong>de</strong></span> <span class='ocrx_word' id='word_1_104' title='bbox 667 947 822 982; x_wconf 80' lang='lat' dir='ltr'><strong>potestate,</strong></span> <span class='ocrx_word' id='word_1_105' title='bbox 837 941 870 970; x_wconf 85' lang='lat' dir='ltr'><strong>id</strong></span> <span class='ocrx_word' id='word_1_106' title='bbox 885 946 939 977; x_wconf 86' lang='lat' dir='ltr'><strong>est,</strong></span> <span class='ocrx_word' id='word_1_107' title='bbox 956 939 993 969; x_wconf 88' lang='lat' dir='ltr'><strong>de</strong></span> <span class='ocrx_word' id='word_1_108' title='bbox 1014 939 1110 969; x_wconf 60' lang='lat' dir='ltr'><strong>consi-2</strong></span> 
     </span>
     <span class='ocr_line' id='line_1_18' title="bbox 226 982 1108 1025; baseline -0.006 -9"><span class='ocrx_word' id='word_1_109' title='bbox 226 987 278 1025; x_wconf 85' lang='lat' dir='ltr'><strong>lio,</strong></span> <span class='ocrx_word' id='word_1_110' title='bbox 295 986 332 1016; x_wconf 89' lang='lat' dir='ltr'><strong>de</strong></span> <span class='ocrx_word' id='word_1_111' title='bbox 347 987 471 1023; x_wconf 80' lang='lat' dir='ltr'><strong>ratione,</strong></span> <span class='ocrx_word' id='word_1_112' title='bbox 488 986 524 1016; x_wconf 90' lang='lat' dir='ltr'><strong>de</strong></span> <span class='ocrx_word' id='word_1_113' title='bbox 539 990 649 1015; x_wconf 84' lang='lat' dir='ltr'><strong>mente.</strong></span> <span class='ocrx_word' id='word_1_114' title='bbox 682 984 804 1014; x_wconf 88' lang='lat' dir='ltr'>Horum</span> <span class='ocrx_word' id='word_1_115' title='bbox 828 983 908 1013; x_wconf 84' lang='lat' dir='ltr'><strong>enim</strong></span> <span class='ocrx_word' id='word_1_116' title='bbox 927 988 1056 1022; x_wconf 79' lang='lat' dir='ltr'><strong>potestas</strong></span> <span class='ocrx_word' id='word_1_117' title='bbox 1077 982 1108 1012; x_wconf 91' lang='lat' dir='ltr'><strong>in</strong></span> 
     </span>
     <span class='ocr_line' id='line_1_19' title="bbox 227 1025 1110 1059; baseline -0.007 0"><span class='ocrx_word' id='word_1_118' title='bbox 227 1034 326 1059; x_wconf 84' lang='lat' dir='ltr'><strong>totum</strong></span> <span class='ocrx_word' id='word_1_119' title='bbox 341 1029 478 1059; x_wconf 84' lang='lat' dir='ltr'>animum</span> <span class='ocrx_word' id='word_1_120' title='bbox 494 1039 556 1058; x_wconf 86' lang='lat' dir='ltr'><strong>esse</strong></span> <span class='ocrx_word' id='word_1_121' title='bbox 571 1028 666 1058; x_wconf 84' lang='lat' dir='ltr'><strong>debet.</strong></span> <span class='ocrx_word' id='word_1_122' title='bbox 692 1027 750 1057; x_wconf 90' lang='lat' dir='ltr'><strong>His</strong></span> <span class='ocrx_word' id='word_1_123' title='bbox 765 1033 818 1056; x_wconf 84' lang='lat' dir='ltr'><strong>aut</strong></span> <span class='ocrx_word' id='word_1_124' title='bbox 829 1025 1024 1056; x_wconf 82' lang='lat' dir='ltr'><strong>subtrahendi</strong></span> <span class='ocrx_word' id='word_1_125' title='bbox 1040 1031 1110 1055; x_wconf 85' lang='lat' dir='ltr'><strong>sunt</strong></span> 
     </span>
     <span class='ocr_line' id='line_1_20' title="bbox 226 1068 1110 1112; baseline -0.005 -11"><span class='ocrx_word' id='word_1_126' title='bbox 226 1072 260 1109; x_wconf 81' lang='lat' dir='ltr'><strong>ii,</strong></span> <span class='ocrx_word' id='word_1_127' title='bbox 285 1072 317 1101; x_wconf 90' lang='lat' dir='ltr'><strong>in</strong></span> <span class='ocrx_word' id='word_1_128' title='bbox 340 1082 415 1112; x_wconf 82' lang='lat' dir='ltr'><strong>quos</strong></span> <span class='ocrx_word' id='word_1_129' title='bbox 436 1072 584 1111; x_wconf 87' lang='lat' dir='ltr'><strong>impetum</strong></span> <span class='ocrx_word' id='word_1_130' title='bbox 609 1076 754 1101; x_wconf 86' lang='lat' dir='ltr'><strong>conantur</strong></span> <span class='ocrx_word' id='word_1_131' title='bbox 775 1070 882 1105; x_wconf 83' lang='lat' dir='ltr'><strong>facere,</strong></span> <span class='ocrx_word' id='word_1_132' title='bbox 904 1068 979 1098; x_wconf 85' lang='lat' dir='ltr'><strong>dum</strong></span> <span class='ocrx_word' id='word_1_133' title='bbox 1003 1078 1033 1097; x_wconf 86' lang='lat' dir='ltr'><strong>se</strong></span> <span class='ocrx_word' id='word_1_134' title='bbox 1053 1068 1110 1108; x_wconf 84' lang='lat' dir='ltr'><strong>ipsi</strong></span> 
     </span>
     <span class='ocr_line' id='line_1_21' title="bbox 226 1110 1111 1155; baseline -0.006 -10"><span class='ocrx_word' id='word_1_135' title='bbox 226 1115 391 1155; x_wconf 81' lang='lat' dir='ltr'><strong>colligant3</strong></span> <span class='ocrx_word' id='word_1_136' title='bbox 417 1114 504 1155; x_wconf 88' lang='lat' dir='ltr'>(quid</span> <span class='ocrx_word' id='word_1_137' title='bbox 525 1119 569 1144; x_wconf 82' lang='lat' dir='ltr'><strong>est</strong></span> <span class='ocrx_word' id='word_1_138' title='bbox 587 1119 688 1143; x_wconf 86' lang='lat' dir='ltr'><strong>autem</strong></span> <span class='ocrx_word' id='word_1_139' title='bbox 711 1123 741 1143; x_wconf 86' lang='lat' dir='ltr'><strong>se</strong></span> <span class='ocrx_word' id='word_1_140' title='bbox 763 1112 864 1153; x_wconf 88' lang='lat' dir='ltr'><strong>ipsum</strong></span> <span class='ocrx_word' id='word_1_141' title='bbox 888 1111 1037 1150; x_wconf 82' lang='lat' dir='ltr'><strong>colligere,</strong></span> <span class='ocrx_word' id='word_1_142' title='bbox 1054 1110 1111 1141; x_wconf 87' lang='lat' dir='ltr'><strong>nisi</strong></span> 
     </span>
     <span class='ocr_line' id='line_1_22' title="bbox 226 1154 1111 1198; baseline -0.006 -11"><span class='ocrx_word' id='word_1_143' title='bbox 226 1157 383 1198; x_wconf 82' lang='lat' dir='ltr'><strong>dissipatas</strong></span> <span class='ocrx_word' id='word_1_144' title='bbox 405 1157 499 1187; x_wconf 90' lang='lat' dir='ltr'>animi</span> <span class='ocrx_word' id='word_1_145' title='bbox 520 1162 619 1197; x_wconf 85' lang='lat' dir='ltr'><strong>partes</strong></span> <span class='ocrx_word' id='word_1_146' title='bbox 637 1166 757 1186; x_wconf 86' lang='lat' dir='ltr'>rursum</span> <span class='ocrx_word' id='word_1_147' title='bbox 778 1155 810 1185; x_wconf 85' lang='lat' dir='ltr'><strong>in</strong></span> <span class='ocrx_word' id='word_1_148' title='bbox 831 1164 920 1184; x_wconf 85' lang='lat' dir='ltr'><strong>suum</strong></span> <span class='ocrx_word' id='word_1_149' title='bbox 942 1154 1045 1183; x_wconf 89' lang='lat' dir='ltr'>locum</span> <span class='ocrx_word' id='word_1_150' title='bbox 1062 1164 1111 1183; x_wconf 92' lang='lat' dir='ltr'><strong>co-</strong></span> 
     </span>
     <span class='ocr_line' id='line_1_23' title="bbox 228 1196 1112 1240; baseline -0.006 -10"><span class='ocrx_word' id='word_1_151' title='bbox 228 1211 297 1240; x_wconf 89' lang='lat' dir='ltr'><strong>gere</strong></span> <span class='ocrx_word' id='word_1_152' title='bbox 308 1202 336 1237; x_wconf 61' lang='lat'><strong>1²)</strong></span> <span class='ocrx_word' id='word_1_153' title='bbox 361 1206 414 1230; x_wconf 85' lang='lat' dir='ltr'><strong>aut</strong></span> <span class='ocrx_word' id='word_1_154' title='bbox 428 1200 553 1240; x_wconf 82' lang='lat' dir='ltr'><strong>rogandi</strong></span> <span class='ocrx_word' id='word_1_155' title='bbox 568 1199 733 1239; x_wconf 86' lang='lat' dir='ltr'><strong>orandique</strong></span> <span class='ocrx_word' id='word_1_156' title='bbox 748 1203 829 1235; x_wconf 84' lang='lat' dir='ltr'><strong>sunt,</strong></span> <span class='ocrx_word' id='word_1_157' title='bbox 846 1203 891 1233; x_wconf 85' lang='lat' dir='ltr'><strong>ut,</strong></span> <span class='ocrx_word' id='word_1_158' title='bbox 909 1196 932 1226; x_wconf 86' lang='lat' dir='ltr'><strong>si</strong></span> <span class='ocrx_word' id='word_1_159' title='bbox 948 1206 1041 1236; x_wconf 85' lang='lat' dir='ltr'>quam</span> <span class='ocrx_word' id='word_1_160' title='bbox 1057 1196 1112 1226; x_wconf 87' lang='lat' dir='ltr'><strong>ha-</strong></span> 
     </span>
     <span class='ocr_line' id='line_1_24' title="bbox 228 1238 1110 1281; baseline -0.006 -8"><span class='ocrx_word' id='word_1_161' title='bbox 228 1245 300 1274; x_wconf 84' lang='lat' dir='ltr'><strong>bent</strong></span> <span class='ocrx_word' id='word_1_162' title='bbox 316 1243 479 1273; x_wconf 80' lang='lat' dir='ltr'><strong>ulciscendi</strong></span> <span class='ocrx_word' id='word_1_163' title='bbox 495 1243 568 1281; x_wconf 82' lang='lat' dir='ltr'><strong>vim,</strong></span> <span class='ocrx_word' id='word_1_164' title='bbox 590 1242 728 1272; x_wconf 82' lang='lat' dir='ltr'><strong>differant</strong></span> <span class='ocrx_word' id='word_1_165' title='bbox 743 1241 774 1271; x_wconf 85' lang='lat' dir='ltr'><strong>in</strong></span> <span class='ocrx_word' id='word_1_166' title='bbox 790 1246 909 1281; x_wconf 88' lang='lat' dir='ltr'><strong>tempus</strong></span> <span class='ocrx_word' id='word_1_167' title='bbox 924 1239 1018 1277; x_wconf 89' lang='lat' dir='ltr'>aliud,</span> <span class='ocrx_word' id='word_1_168' title='bbox 1035 1238 1110 1269; x_wconf 86' lang='lat' dir='ltr'><strong>dum</strong></span> 
     </span>
     <span class='ocr_line' id='line_1_25' title="bbox 228 1281 1113 1322; baseline -0.006 -6"><span class='ocrx_word' id='word_1_169' title='bbox 228 1286 410 1316; x_wconf 78' lang='lat' dir='ltr'><strong>defervescat</strong></span> <span class='ocrx_word' id='word_1_170' title='bbox 430 1285 482 1315; x_wconf 85' lang='lat' dir='ltr'>ira.</span> <span class='ocrx_word' id='word_1_171' title='bbox 518 1285 728 1315; x_wconf 83' lang='lat' dir='ltr'><strong>Defervescere</strong></span> <span class='ocrx_word' id='word_1_172' title='bbox 748 1289 849 1314; x_wconf 87' lang='lat' dir='ltr'><strong>autem</strong></span> <span class='ocrx_word' id='word_1_173' title='bbox 871 1288 948 1313; x_wconf 85' lang='lat' dir='ltr'><strong>certe</strong></span> <span class='ocrx_word' id='word_1_174' title='bbox 964 1281 1113 1322; x_wconf 81' lang='lat' dir='ltr'><strong>significat</strong></span> 
     </span>
     <span class='ocr_line' id='line_1_26' title="bbox 228 1325 1113 1366; baseline -0.005 -8"><span class='ocrx_word' id='word_1_175' title='bbox 228 1329 366 1362; x_wconf 83' lang='lat' dir='ltr'>ardorem</span> <span class='ocrx_word' id='word_1_176' title='bbox 379 1329 473 1359; x_wconf 84' lang='lat' dir='ltr'>animi</span> <span class='ocrx_word' id='word_1_177' title='bbox 488 1328 583 1358; x_wconf 61' lang='lat' dir='ltr'><strong>invit-22</strong></span> <span class='ocrx_word' id='word_1_178' title='bbox 597 1328 711 1358; x_wconf 82' lang='lat' dir='ltr'><strong>ratione</strong></span> <span class='ocrx_word' id='word_1_179' title='bbox 731 1327 904 1357; x_wconf 83' lang='lat' dir='ltr'><strong>excitatum.</strong></span> <span class='ocrx_word' id='word_1_180' title='bbox 928 1325 978 1355; x_wconf 85' lang='lat' dir='ltr'><strong>Ex</strong></span> <span class='ocrx_word' id='word_1_181' title='bbox 994 1335 1055 1366; x_wconf 90' lang='lat' dir='ltr'><strong>quo</strong></span> <span class='ocrx_word' id='word_1_182' title='bbox 1075 1325 1113 1355; x_wconf 88' lang='lat' dir='ltr'><strong>il-</strong></span> 
     </span>
     <span class='ocr_line' id='line_1_27' title="bbox 228 1368 1113 1412; baseline -0.005 -10"><span class='ocrx_word' id='word_1_183' title='bbox 228 1372 283 1402; x_wconf 90' lang='lat' dir='ltr'><strong>lud</strong></span> <span class='ocrx_word' id='word_1_184' title='bbox 298 1372 440 1402; x_wconf 82' lang='lat' dir='ltr'><strong>laudatur</strong></span> <span class='ocrx_word' id='word_1_185' title='bbox 454 1371 611 1412; x_wconf 59' lang='lat' dir='ltr'><strong>Archytae,</strong></span> <span class='ocrx_word' id='word_1_186' title='bbox 635 1370 699 1411; x_wconf 86' lang='lat' dir='ltr'><strong>qui,</strong></span> <span class='ocrx_word' id='word_1_187' title='bbox 715 1380 785 1401; x_wconf 89' lang='lat' dir='ltr'><strong>cum</strong></span> <span class='ocrx_word' id='word_1_188' title='bbox 800 1369 900 1400; x_wconf 88' lang='lat' dir='ltr'>villico</span> <span class='ocrx_word' id='word_1_189' title='bbox 917 1368 1014 1399; x_wconf 82' lang='lat' dir='ltr'><strong>factus</strong></span> <span class='ocrx_word' id='word_1_190' title='bbox 1038 1374 1113 1399; x_wconf 85' lang='lat' dir='ltr'><strong>esset</strong></span> 
     </span>
     <span class='ocr_line' id='line_1_28' title="bbox 230 1410 1113 1455; baseline -0.005 -10"><span class='ocrx_word' id='word_1_191' title='bbox 230 1414 344 1453; x_wconf 84' lang='lat' dir='ltr'><strong>iratior,</strong></span> <span class='ocrx_word' id='word_1_192' title='bbox 362 1418 384 1432; x_wconf 85' lang='grc'>“</span> <span class='ocrx_word' id='word_1_193' title='bbox 401 1415 474 1452; x_wconf 86' lang='lat' dir='ltr'><strong>Quo</strong></span> <span class='ocrx_word' id='word_1_194' title='bbox 489 1420 518 1445; x_wconf 88' lang='lat' dir='ltr'><strong>te</strong></span> <span class='ocrx_word' id='word_1_195' title='bbox 533 1414 657 1452; x_wconf 86' lang='lat' dir='ltr'><strong>modo,&#39;&#39;</strong></span> <span class='ocrx_word' id='word_1_196' title='bbox 678 1413 788 1455; x_wconf 86' lang='lat' dir='ltr'><strong>inquit,</strong></span> <span class='ocrx_word' id='word_1_197' title='bbox 814 1414 837 1430; x_wconf 69' lang='lat'><strong>‘⁶</strong></span> <span class='ocrx_word' id='word_1_198' title='bbox 849 1411 1038 1453; x_wconf 82' lang='lat' dir='ltr'><strong>accepissem,</strong></span> <span class='ocrx_word' id='word_1_199' title='bbox 1054 1410 1113 1442; x_wconf 86' lang='lat' dir='ltr'><strong>nisi</strong></span> 
     </span>
     <span class='ocr_line' id='line_1_29' title="bbox 230 1458 477 1488; baseline -0.004 0"><span class='ocrx_word' id='word_1_200' title='bbox 230 1458 324 1488; x_wconf 80' lang='lat' dir='ltr'><strong>iratus</strong></span> <span class='ocrx_word' id='word_1_201' title='bbox 337 1468 429 1488; x_wconf 80' lang='lat' dir='ltr'><strong>essem</strong></span> <span class='ocrx_word' id='word_1_202' title='bbox 445 1458 477 1487; x_wconf 86' lang='lat'><strong>!&#39;&#39;</strong></span> 
     </span>
    </p>

    <p class='ocr_par' dir='ltr' id='par_1_8' title="bbox 231 1497 1114 1799">
     <span class='ocr_line' id='line_1_30' title="bbox 274 1497 1113 1540; baseline -0.005 -9"><span class='ocrx_word' id='word_1_203' title='bbox 274 1501 454 1531; x_wconf 85' lang='lat' dir='ltr'>XXXVII.</span> <span class='ocrx_word' id='word_1_204' title='bbox 492 1500 555 1530; x_wconf 87' lang='lat' dir='ltr'><strong>Ubi</strong></span> <span class='ocrx_word' id='word_1_205' title='bbox 579 1506 649 1530; x_wconf 86' lang='lat' dir='ltr'><strong>sunt</strong></span> <span class='ocrx_word' id='word_1_206' title='bbox 672 1510 742 1540; x_wconf 84' lang='lat' dir='ltr'><strong>ergo</strong></span> <span class='ocrx_word' id='word_1_207' title='bbox 765 1498 825 1536; x_wconf 82' lang='lat' dir='ltr'><strong>isti,</strong></span> <span class='ocrx_word' id='word_1_208' title='bbox 851 1498 904 1539; x_wconf 88' lang='lat' dir='ltr'><strong>qui</strong></span> <span class='ocrx_word' id='word_1_209' title='bbox 927 1497 1113 1528; x_wconf 83' lang='lat' dir='ltr'>iracundiam</span> 
     </span>
     <span class='ocr_line' id='line_1_31' title="bbox 231 1541 1113 1583; baseline -0.005 -10"><span class='ocrx_word' id='word_1_210' title='bbox 231 1544 338 1574; x_wconf 83' lang='lat' dir='ltr'><strong>utilem</strong></span> <span class='ocrx_word' id='word_1_211' title='bbox 354 1543 483 1574; x_wconf 83' lang='lat' dir='ltr'><strong>dicunt?</strong></span> <span class='ocrx_word' id='word_1_212' title='bbox 508 1547 618 1583; x_wconf 85' lang='lat' dir='ltr'><strong>(potest</strong></span> <span class='ocrx_word' id='word_1_213' title='bbox 632 1543 714 1574; x_wconf 83' lang='lat' dir='ltr'><strong>utilis</strong></span> <span class='ocrx_word' id='word_1_214' title='bbox 723 1553 784 1573; x_wconf 88' lang='lat' dir='ltr'><strong>esse</strong></span> <span class='ocrx_word' id='word_1_215' title='bbox 796 1541 911 1571; x_wconf 83' lang='lat' dir='ltr'><strong>insania</strong></span> <span class='ocrx_word' id='word_1_216' title='bbox 922 1543 950 1578; x_wconf 63' lang='grc' dir='ltr'><strong>ἓ)</strong></span> <span class='ocrx_word' id='word_1_217' title='bbox 963 1546 1015 1570; x_wconf 87' lang='lat' dir='ltr'><strong>aut</strong></span> <span class='ocrx_word' id='word_1_218' title='bbox 1025 1546 1113 1570; x_wconf 84' lang='lat' dir='ltr'><strong>natu-</strong></span> 
     </span>
     <span class='ocr_line' id='line_1_32' title="bbox 231 1584 1114 1627; baseline -0.005 -11"><span class='ocrx_word' id='word_1_219' title='bbox 231 1587 352 1617; x_wconf 78' lang='lat' dir='ltr'><strong>ralem?</strong></span> <span class='ocrx_word' id='word_1_220' title='bbox 375 1588 429 1616; x_wconf 91' lang='lat' dir='ltr'><strong>An</strong></span> <span class='ocrx_word' id='word_1_221' title='bbox 453 1586 621 1627; x_wconf 84' lang='lat' dir='ltr'>quidquam</span> <span class='ocrx_word' id='word_1_222' title='bbox 646 1596 707 1616; x_wconf 85' lang='lat' dir='ltr'><strong>esse</strong></span> <span class='ocrx_word' id='word_1_223' title='bbox 725 1591 821 1627; x_wconf 90' lang='lat' dir='ltr'><strong>potest</strong></span> <span class='ocrx_word' id='word_1_224' title='bbox 841 1584 1005 1614; x_wconf 85' lang='lat' dir='ltr'><strong>secundum</strong></span> <span class='ocrx_word' id='word_1_225' title='bbox 1026 1589 1114 1613; x_wconf 86' lang='lat' dir='ltr'><strong>natu-</strong></span> 
     </span>
     <span class='ocr_line' id='line_1_33' title="bbox 232 1626 1114 1671; baseline -0.006 -11"><span class='ocrx_word' id='word_1_226' title='bbox 232 1641 310 1667; x_wconf 85' lang='lat' dir='ltr'><strong>ram,</strong></span> <span class='ocrx_word' id='word_1_227' title='bbox 327 1629 408 1671; x_wconf 87' lang='lat' dir='ltr'>quod</span> <span class='ocrx_word' id='word_1_228' title='bbox 424 1630 460 1659; x_wconf 82' lang='lat' dir='ltr'><strong>sit</strong></span> <span class='ocrx_word' id='word_1_229' title='bbox 482 1635 667 1670; x_wconf 78' lang='lat' dir='ltr'><strong>repugnante</strong></span> <span class='ocrx_word' id='word_1_230' title='bbox 688 1629 826 1659; x_wconf 83' lang='lat' dir='ltr'><strong>ratione?</strong></span> <span class='ocrx_word' id='word_1_231' title='bbox 858 1627 930 1665; x_wconf 88' lang='lat' dir='ltr'><strong>Quo</strong></span> <span class='ocrx_word' id='word_1_232' title='bbox 950 1626 1040 1656; x_wconf 88' lang='lat' dir='ltr'>modo</span> <span class='ocrx_word' id='word_1_233' title='bbox 1060 1637 1114 1656; x_wconf 86' lang='lat' dir='ltr'><strong>au-</strong></span> 
     </span>
     <span class='ocr_line' id='line_1_34' title="bbox 234 1669 1114 1710; baseline -0.006 -7"><span class='ocrx_word' id='word_1_234' title='bbox 234 1680 307 1709; x_wconf 75' lang='lat' dir='ltr'><strong>tem,</strong></span> <span class='ocrx_word' id='word_1_235' title='bbox 324 1673 348 1703; x_wconf 89' lang='lat' dir='ltr'><strong>si</strong></span> <span class='ocrx_word' id='word_1_236' title='bbox 363 1672 507 1703; x_wconf 83' lang='lat' dir='ltr'><strong>naturalis</strong></span> <span class='ocrx_word' id='word_1_237' title='bbox 528 1678 601 1702; x_wconf 75' lang='lat' dir='ltr'><strong>esset</strong></span> <span class='ocrx_word' id='word_1_238' title='bbox 619 1672 674 1708; x_wconf 81' lang='lat' dir='ltr'><strong>ira,</strong></span> <span class='ocrx_word' id='word_1_239' title='bbox 691 1678 743 1701; x_wconf 82' lang='lat' dir='ltr'><strong>aut</strong></span> <span class='ocrx_word' id='word_1_240' title='bbox 765 1671 842 1701; x_wconf 79' lang='lat' dir='ltr'>alius</span> <span class='ocrx_word' id='word_1_241' title='bbox 861 1671 919 1700; x_wconf 84' lang='lat' dir='ltr'>alio</span> <span class='ocrx_word' id='word_1_242' title='bbox 939 1670 1036 1710; x_wconf 84' lang='lat' dir='ltr'>magis</span> <span class='ocrx_word' id='word_1_243' title='bbox 1057 1669 1114 1699; x_wconf 87' lang='lat' dir='ltr'>ira-</span> 
     </span>
     <span class='ocr_line' id='line_1_35' title="bbox 233 1713 1114 1754; baseline -0.006 -8"><span class='ocrx_word' id='word_1_244' title='bbox 233 1716 352 1746; x_wconf 86' lang='lat' dir='ltr'><strong>cundus</strong></span> <span class='ocrx_word' id='word_1_245' title='bbox 375 1721 468 1751; x_wconf 84' lang='lat' dir='ltr'><strong>esset;</strong></span> <span class='ocrx_word' id='word_1_246' title='bbox 492 1721 545 1745; x_wconf 87' lang='lat' dir='ltr'><strong>aut</strong></span> <span class='ocrx_word' id='word_1_247' title='bbox 565 1715 657 1745; x_wconf 87' lang='lat' dir='ltr'><strong>finem</strong></span> <span class='ocrx_word' id='word_1_248' title='bbox 676 1715 808 1751; x_wconf 81' lang='lat' dir='ltr'><strong>haberet,</strong></span> <span class='ocrx_word' id='word_1_249' title='bbox 830 1713 913 1754; x_wconf 84' lang='lat' dir='ltr'><strong>prius</strong></span> <span class='ocrx_word' id='word_1_250' title='bbox 931 1723 1023 1754; x_wconf 85' lang='lat' dir='ltr'>quam</span> <span class='ocrx_word' id='word_1_251' title='bbox 1040 1719 1114 1742; x_wconf 86' lang='lat' dir='ltr'><strong>esset</strong></span> 
     </span>
     <span class='ocr_line' id='line_1_36' title="bbox 233 1755 1111 1799; baseline -0.007 -9"><span class='ocrx_word' id='word_1_252' title='bbox 233 1759 308 1798; x_wconf 82' lang='lat' dir='ltr'><strong>ulta,</strong></span> <span class='ocrx_word' id='word_1_253' title='bbox 335 1759 496 1790; x_wconf 83' lang='lat' dir='ltr'><strong>ulciscendi</strong></span> <span class='ocrx_word' id='word_1_254' title='bbox 521 1758 637 1795; x_wconf 82' lang='lat' dir='ltr'>libido3</span> <span class='ocrx_word' id='word_1_255' title='bbox 661 1764 713 1789; x_wconf 76' lang='lat' dir='ltr'><strong>aut</strong></span> <span class='ocrx_word' id='word_1_256' title='bbox 737 1767 921 1799; x_wconf 83' lang='lat' dir='ltr'>quemquam</span> <span class='ocrx_word' id='word_1_257' title='bbox 945 1755 1111 1797; x_wconf 68' lang='lat' dir='ltr'><strong>poeniteret.</strong></span> 
     </span>
    </p>
   </div>
  </div>
 </body>
</html>
