1226 1935
188 94 252 128 272
321 96 445 128 TUSC.
463 96 635 135 QUAEST.
653 96 732 128 LIB.
744 97 786 128 V.
804 97 887 128 CAP.
900 97 950 128 21.

195 195 295 216 servos
318 183 479 224 delegerat,
503 183 614 224 quibus
635 193 747 214 nomen
769 183 919 214 servitutis
944 183 1007 224 ipse
1030 184 1082 215 de-

195 233 338 264 traxerat,
365 232 394 257 et
417 227 599 268 quibusdam
623 227 774 265 convenis,
791 233 820 257 et
844 227 914 257 seris
937 227 1082 264 barbaris,

196 271 328 311 corporis
343 270 509 300 custodiam
525 270 740 300 committebat.
772 270 831 307 lta,
852 276 974 311 propter
988 270 1083 309 injus-

197 319 261 344 tam
285 313 456 343 dominatus
482 313 689 354 cupiditatem,
710 313 742 342 in
767 323 913 343 carcerem
936 313 1084 354 quodam-

197 356 288 386 modo
303 356 366 397 ipse
382 367 412 386 se
426 356 595 386 incluserat.
634 355 823 393 Quinetiam,
846 366 883 386 ne
898 356 1009 386 tonsori
1025 357 1085 386 col-

197 400 265 429 lum
280 399 490 436 committeret,
507 399 628 429 tondere
643 399 720 428 filias
736 410 803 428 suas
818 399 928 430 docuit.
962 400 1011 429 Ita
1023 409 1085 429 sor-

200 442 271 472 dido
286 442 481 483 ancillarique
496 442 620 472 artificio
640 442 729 482 regiae
748 442 887 482 virgines,
909 449 944 472 ut
964 442 1086 472 tonstri-

201 486 288 524 culae,
305 485 469 516 tondebant
484 486 611 515 barbam
627 491 655 515 et
677 485 821 525 capillum
843 486 944 525 patris.
978 485 1021 515 Et
1042 491 1086 515 ta-

201 539 272 559 men
297 530 335 559 ab
362 528 408 558 his
432 528 515 568 ipsis,
539 538 609 558 cum
629 528 693 567 jam
717 533 813 557 essent
832 528 955 565 adultae,
971 528 1086 558 sermm

202 572 349 607 removit3
382 571 584 612 instituitque,
611 577 647 600 ut
672 570 868 601 candentibus
890 572 1086 611 juglandium

202 615 413 655 putaminibus
442 615 569 644 barbam
600 613 656 643 sibi
686 619 715 643 et
744 613 888 654 capillum
918 614 1087 646 adurerent.

204 658 347 698 Cumque
367 657 442 687 duas
460 667 568 687 uxores
582 657 716 693 haberet,
733 657 977 695 Aristomachen,
994 658 1090 688 civem

203 711 302 737 suam,
321 700 468 730 Doridem
484 705 586 730 autem
603 700 795 737 Locrensem,
813 700 854 730 sic
872 706 961 730 noctu
981 701 1019 730 ad
1042 712 1090 732 eas

204 743 382 779 ventitabat,
403 749 438 773 ut
458 743 561 773 onmia
581 743 784 784 specularetur
806 748 834 773 et
857 749 1093 783 perscrutaretur

205 792 284 816 ante.
309 786 362 824 Et,
376 797 446 816 eum
461 786 572 816 fossam
588 787 681 816 latam
697 785 861 816 cubiculari
875 787 951 816 lecto
966 787 1094 818 circum-

206 829 345 865 dedisset,
372 830 497 870 ejusque
523 829 609 859 fossae
632 829 792 858 transitum
819 829 972 869 ponticulo
994 830 1095 870 ligneo

207 873 432 911 conjunxisset;
457 883 528 902 eum
542 872 655 913 ipsum,
673 882 743 902 cum
756 872 851 902 forem
867 872 997 902 cubiculi
1013 874 1095 904 clau-

208 922 296 953 serat,
321 915 527 956 detorquebat.
561 915 720 955 Idemque,
742 925 812 945 cum
830 915 861 944 in
882 917 1097 948 communibus

208 958 356 999 suggestis
372 958 529 989 consistere
543 968 603 988 non
619 958 752 994 auderet,
774 958 942 988 concionari
963 969 1000 989 ex
1021 961 1097 991 turri

209 1002 272 1031 alta
296 1002 418 1031 solebat.
442 1002 549 1042 Atque
569 1001 605 1039 is,
627 1011 696 1031 cum
717 1001 779 1041 pila
795 1001 898 1031 ludere
914 1003 1003 1032 vellet
1019 1005 1096 1037 (stu-

210 1044 292 1075 diose
315 1045 396 1075 enim
419 1045 450 1074 id
466 1045 644 1081 factitabat),
665 1044 860 1084 tunicamque
875 1051 1009 1084 poneret,
1026 1047 1098 1077 ado-

210 1088 385 1125 lescentulo,
402 1098 494 1128 quem
506 1089 638 1123 amabat,
655 1087 810 1117 tradidisse
825 1087 962 1127 gladium
978 1088 1097 1121 dicitur.

212 1131 276 1161 Hic
291 1141 360 1160 cum
378 1131 503 1171 quidam
518 1130 674 1160 familiaris
686 1132 789 1168 jocans
810 1130 952 1161 dixisset:
979 1133 1001 1149 ‘⁶
1018 1132 1102 1165 Huic

212 1174 336 1215 quidem
352 1179 430 1204 certe
450 1174 543 1204 vitam
568 1179 652 1203 tuan]
676 1173 874 1211 committis,''
897 1174 1101 1217 arrisissetque

212 1217 393 1255 adolescens,
410 1223 575 1258 utrumque
587 1216 677 1255 jussit
691 1216 840 1251 interfici;
872 1217 1012 1256 alterum,
1029 1219 1102 1259 quia

213 1260 294 1290 viam
310 1260 571 1290 demonstravisset
583 1259 775 1289 interimendi
785 1259 850 1295 sui;
874 1260 1015 1299 alterum,
1029 1263 1102 1302 quia

213 1303 329 1333 dictum
354 1303 385 1333 id
409 1303 470 1332 risu
494 1302 726 1344 approbavisset.
760 1303 877 1343 Atque,
900 1314 934 1333 eo
954 1303 1044 1343 facto,
1061 1306 1103 1337 sic

214 1346 323 1383 doluit,
340 1352 375 1375 ut
390 1346 466 1375 nihil
486 1345 606 1386 gravius
623 1346 724 1376 tulerit
738 1345 770 1375 in
786 1345 856 1376 vita.
895 1346 997 1384 Quem
1019 1349 1100 1379 enim

215 1389 408 1419 vehementer
431 1390 558 1427 amarat,
579 1389 734 1419 occiderat.
767 1389 816 1419 Sic
840 1389 1048 1421 distrahuntur
1070 1392 1102 1422 in

215 1432 377 1463 contrarias
393 1438 491 1472 partes
506 1432 719 1472 impotentium
732 1432 918 1473 cupiditates.
943 1432 1024 1463 Cum
1033 1435 1105 1466 huic

216 1477 375 1506 obsecutus
406 1475 456 1512 sis,
487 1475 532 1504 illi
557 1481 599 1505 est
623 1475 865 1516 repugnandum.
904 1475 1104 1518 Quamquam

216 1518 266 1548 hic
282 1518 405 1559 quidem
421 1524 567 1559 tyrannus
582 1518 645 1559 ipse
660 1518 818 1558 judicavit,
835 1529 928 1559 quam
944 1526 1019 1551 esset
1037 1523 1107 1552 bea*

219 1568 277 1592 tus.

261 1604 357 1634 XXI.
382 1604 477 1642 Nam,
495 1614 564 1634 cum
581 1604 705 1645 quidam
722 1615 759 1635 ex
778 1606 842 1644 ejus
862 1607 1104 1647 assentatoribus,

220 1647 394 1683 Damocles,
420 1654 667 1678 commemoraret
693 1648 724 1678 in
751 1658 887 1679 sermone
911 1649 1009 1689 copias
1028 1652 1103 1690 ejus,

219 1701 302 1731 opes,
330 1691 518 1729 majestatem
545 1691 727 1729 dominatus,
752 1702 853 1722 rerum
876 1692 1107 1733 abundantiam,

220 1733 475 1774 magnificentiam
503 1733 614 1764 aedium
639 1734 812 1774 regianun3
845 1741 1027 1776 negaretque
1050 1748 1107 1767 un-

221 1787 315 1817 quam
327 1776 488 1808 beatiorem
500 1787 686 1818 quemquam
699 1777 790 1809 fuisse
807 1789 815 1814 ;
842 1780 863 1796 ‘⁴
877 1778 972 1809 Visne
982 1779 1107 1820 igitur,''
