1226 1935
214 93 272 123 112
359 92 481 125 TUSC.
499 93 672 132 QUAEST.
691 93 769 123 Lm.
782 92 808 123 Ι.
827 93 910 123 CM».
923 94 953 124 9.

208 177 278 208 dem
302 189 374 217 esse⁷
394 180 511 209 malum
533 185 585 209 est.
620 178 658 210 Id
678 185 722 209 est
742 178 835 215 enim,
857 177 1094 219 perveniendum

207 231 269 250 esse
297 222 335 251 ad
369 222 411 259 id,
448 222 530 263 quod
565 232 626 252 non
662 232 723 252 esse
758 222 875 251 malum
906 221 1095 251 confitemur.

208 264 353 293 Auditor.
371 265 503 296 Uberius
518 265 585 303 ista,
597 275 707 305 quaeso.
734 264 810 294 Haec
826 264 906 294 enim
919 263 1094 304 spinosiora,

208 306 291 346 prius
317 313 352 337 ut
375 308 528 344 confitear,
550 318 599 337 me
623 313 745 347 cogunt,
772 317 865 347 quam
886 312 921 336 ut
944 305 1096 336 assentiar.

208 349 267 379 Sed
297 361 366 390 quae
395 356 465 380 sunt
494 361 539 387 ea,
571 361 639 391 quae
668 350 741 379 dicis
768 356 797 379 te
825 350 941 388 majora
970 348 1096 378 moliri?

214 392 358 422 Marcus.
383 393 427 422 Ut
447 393 582 431 doceam,
604 393 628 422 si
649 392 772 433 possim,
789 402 850 422 non
869 391 960 422 modo
980 391 1098 420 malum

211 444 272 464 non
288 445 361 473 esse,
378 435 429 465 sed
448 437 564 466 bonum
585 436 676 465 etiam
697 446 770 473 esse7
787 443 925 465 mortem.
950 435 1096 463 Auditor.

209 477 282 507 Non
307 478 427 518 postulo
451 478 481 508 id
507 478 652 519 quidem3
688 488 760 507 aveo
784 483 885 507 tamen
909 477 1021 507 audire.
1054 476 1100 506 Ut

208 520 290 549 enim
306 530 366 550 non
383 521 491 551 efficias
507 521 589 561 quod
610 521 665 555 vis,
689 526 802 557 tamen,
825 530 905 549 mors
928 526 962 549 ut
982 519 1099 548 malum

206 572 268 592 non
284 563 333 601 sit,
351 563 466 593 efficies.
492 563 551 593 Sed
562 563 638 593 nihil
653 569 683 592 te
698 563 905 602 interpellabo.
930 561 1097 592 Continen-

208 610 269 634 tem
290 606 457 635 orationem
481 606 584 635 audire
607 605 698 635 malo.
723 606 866 634 Marcus.
888 604 997 642 Quid?
1022 605 1046 633 si
1069 610 1098 634 te

207 657 350 687 rogavero
366 648 492 688 aliquid‚
509 658 568 677 non
588 647 779 688 respondebis
792 649 805 677 ?
830 649 974 677 Auditor.
987 647 1099 687 Super-

207 691 283 719 bum
298 690 330 720 id
345 691 468 731 quidem
487 690 578 729 [esset
590 692 616 732 :]
635 690 697 728 sed,
719 690 777 720 nisi
797 690 872 731 quid
892 700 1010 720 necesse
1030 689 1096 727 erit,

206 733 289 762 malo
305 743 343 763 ne
359 744 459 773 roges.

250 775 311 805 IX.
330 777 473 806 Marcus.
486 776 599 806 Geram
615 776 671 806 tibi
684 786 820 812 morem3
845 781 873 806 et
892 786 937 813 ea,
955 786 1024 816 quae
1040 774 1095 812 vis,

205 823 240 847 ut
267 824 381 858 potero,
414 820 590 860 explicabo;
625 829 678 849 nec
707 828 809 848 tamen
845 819 932 859 quasi
966 817 1095 858 Pythius

205 860 332 901 Apollo,
356 867 436 891 certa
457 868 491 892 ut
512 862 571 892 sint
594 868 623 892 et
647 862 719 899 fixa,
748 872 816 902 quae
840 861 964 897 dixero;
990 861 1041 890 sed
1063 866 1098 890 ut

207 903 411 934 homunculus
438 915 517 934 unus
544 915 559 934 e
585 905 701 940 multis,
728 905 896 944 probabilia
927 903 1100 942 conjectura

206 956 342 986 sequens.
376 947 466 977 Ultra
487 947 567 977 enim
590 958 650 988 quo
672 946 855 987 progrediar,
872 957 964 987 quam
987 952 1021 976 ut
1036 945 1098 976 veri

205 989 325 1018 videam
347 989 468 1028 similia,
492 1000 553 1020 non
574 990 679 1020 habeo.
713 990 803 1019 Certa
824 989 922 1019 dicent
945 989 978 1026 ii,
995 988 1048 1029 qui
1069 994 1098 1018 et

204 1031 317 1072 percipi
333 1042 367 1062 ea
381 1043 466 1072 posse
481 1033 596 1070 dicunt,
614 1038 643 1062 et
657 1043 688 1062 se
703 1032 850 1072 sapientes
872 1042 933 1062 esse
954 1032 1097 1072 profiten-

204 1080 263 1103 tur.
287 1075 434 1104 Auditor.
460 1075 523 1114 Tu,
547 1081 580 1105 ut
603 1075 740 1105 videtur:
765 1084 819 1105 nos
844 1075 883 1104 ad
906 1074 1093 1104 audiendum

204 1117 301 1157 parati
317 1128 431 1147 sumus.

247 1161 389 1190 Μανσηε.
415 1160 502 1190 Mors
518 1160 610 1200 igitur
625 1160 701 1201 ipsa,
718 1171 786 1201 quae
802 1160 920 1190 videtur
939 1159 1098 1190 notissima

204 1212 250 1232 res
266 1213 338 1239 esse,
352 1203 427 1243 quid
444 1203 492 1240 sit,
510 1204 644 1251 primum
657 1210 700 1233 est
712 1203 886 1233 videndum.
911 1204 990 1232 Sunt
1002 1202 1095 1241 enim,

204 1245 257 1285 qui
272 1245 435 1275 discessum
452 1246 546 1277 aninn
562 1256 581 1275 a
600 1256 723 1287 corpore
744 1252 852 1287 putent
874 1255 936 1276 esse
956 1253 1096 1275 mortem.

203 1287 293 1325 Sunt
310 1288 363 1328 qui
379 1289 500 1318 nullum
522 1295 660 1318 censeant
680 1288 743 1318 fieri
763 1288 937 1326 discessum,
963 1288 1014 1318 sed
1034 1288 1097 1318 una

203 1330 341 1360 animum
358 1337 386 1361 et
402 1341 508 1372 corpus
523 1331 666 1369 occidere,
678 1331 877 1371 animumque
889 1341 959 1361 cum
972 1341 1095 1370 corpore

204 1373 364 1413 exstingui.
389 1374 453 1411 Qui
469 1374 617 1404 discedere
629 1374 768 1404 animum
780 1380 912 1411 censent,
924 1373 975 1403 alii
992 1373 1094 1403 statim

204 1415 352 1456 dissipari,
369 1417 419 1446 alii
434 1417 486 1446 diu
507 1427 693 1457 permanere,
717 1417 768 1447 alii
791 1427 917 1457 semper.
951 1416 1036 1453 Quid
1058 1416 1096 1446 sit

204 1468 293 1498 porro
308 1459 370 1500 ipse
385 1459 516 1497 animus,
534 1466 588 1490 aut
602 1460 666 1497 ubi,
679 1465 732 1489 aut
747 1459 839 1496 unde,
855 1469 968 1500 magna
980 1459 1094 1489 dissen-

204 1501 248 1531 sio
270 1507 322 1532 est.
363 1502 445 1532 Aliis
467 1513 516 1533 cor
538 1503 639 1543 ipsum
663 1502 783 1532 animus
806 1502 943 1537 videtum
968 1512 1005 1531 ex
1029 1512 1091 1542 quo

204 1544 355 1581 excordes,
371 1545 518 1582 vecordes,
530 1545 749 1585 concordesque
760 1545 921 1575 dicuntur:
939 1550 968 1574 et
979 1544 1093 1575 Nasica

205 1586 256 1616 ille
271 1587 413 1626 prudens,
430 1588 476 1618 bis
492 1589 607 1626 consul,
625 1588 802 1627 Corculum,
820 1594 848 1618 et

244 1648 268 1663 “
283 1645 414 1687 Egregie
429 1647 567 1678 cordatus
581 1647 684 1685 homo,
701 1652 785 1677 catus
802 1647 898 1676 AEliu'
915 1647 1060 1677 Sextus.”

198 1716 398 1758 Empedocles
413 1719 551 1748 animum
567 1728 629 1748 esse
644 1724 742 1748 censet
759 1718 840 1748 cordi
852 1717 1002 1748 suff'usum
1017 1727 1093 1750 san-.

196 1760 330 1801 guinem.
360 1760 440 1792 Aliis
460 1772 528 1802 pars
549 1761 689 1803 quaedam
713 1761 823 1792 cerebri
845 1761 908 1792 visa
928 1766 970 1791 est
991 1761 1086 1792 animi
