1226 1935
198 86 256 115 126
323 84 447 115 TUSC.
464 84 637 122 QUAEST.
655 83 734 114 1118.
752 84 779 114 Ι.
804 82 887 114 ΟΑΡ.
901 84 951 113 24.

197 170 289 200 finem
305 170 424 209 habeat,
446 181 563 201 necesse
582 176 634 201 est.
659 170 767 201 Solum
781 169 884 210 igitur,
901 168 983 209 quod
997 180 1027 199 se
1039 169 1086 211 ip-

199 224 268 243 sum
283 220 395 251 movet,
417 214 490 254 quia
504 224 663 254 nunquam
678 213 822 243 deseritur
837 223 855 241 a
870 222 911 248 se,
928 222 1086 253 nunquam

199 265 237 286 ne
251 256 365 286 moveri
383 257 506 297 quidem
523 257 639 287 desinit.
677 255 856 293 Quinetiam
872 254 993 292 caeteris,
1018 266 1086 296 quae

199 305 370 337 moventur,
398 299 446 329 hic
472 299 550 336 fons,
576 299 633 329 hoc
658 298 841 339 principium
867 303 911 327 est
936 298 1087 329 movendi.

201 342 348 382 Principii
374 349 476 372 autem
502 343 587 372 nulla
613 348 656 372 est
682 341 783 381 origo:
809 350 880 370 nam
905 350 920 370 e
942 340 1088 381 principio

199 384 338 415 oriuntur
352 385 473 414 omnia:
498 385 599 425 ipsum
614 390 716 414 autem
732 384 818 414 nulla
834 393 871 413 ex
886 393 917 412 re
932 383 991 413 alia
1006 384 1088 414 nasci

199 433 315 467 potest:
341 437 395 457 nec
416 427 496 457 enim
513 433 587 458 esset
602 427 796 467 principium,
818 425 900 467 quod
915 426 1087 466 gigneretur

200 470 330 500 aliunde.
355 470 449 508 Quod
464 470 488 500 si
504 481 662 511 nunquam
674 469 779 507 oritur,
796 479 834 499 ne
845 468 951 498 occidit
963 469 1088 509 quidem

200 523 346 553 unquam.
373 514 455 542 Nam
470 513 653 553 principium
669 513 850 542 exstinctum
865 521 918 541 nec
934 512 1035 551 ipsum
1050 513 1089 542 ab

200 556 259 585 alio
275 562 455 593 renascetur,
472 566 526 586 nec
541 566 559 585 a
574 566 604 585 se
619 555 702 584 aliud
717 555 848 589 creabit;
872 554 1021 594 siquidem
1037 565 1090 585 ne-

201 609 279 628 cesse
300 604 343 628 est
364 609 381 628 a
401 599 548 638 principio
568 598 638 628 oriri
658 598 769 627 omnia.
804 597 852 626 Ita
867 596 911 633 fit,
933 603 967 626 ut
989 600 1089 627 motus

201 641 384 681 principium
405 652 443 671 ex
464 651 498 671 eo
513 641 561 679 sit,
578 641 660 681 quod
675 641 775 681 ipsum
791 650 809 669 a
823 650 853 669 se
868 645 1014 670 movetur.
1050 641 1089 670 Id

201 690 304 714 autem
320 694 374 713 nec
389 684 469 714 nasci
485 689 592 724 potest,
608 694 663 714 nec
678 683 773 713 mori:
791 682 838 712 vel
853 682 988 712 concidat
1000 693 1090 713 omne

202 727 323 763 coelum,
346 727 504 767 omnisque
528 732 606 756 terra
629 726 779 762 consistat,
807 735 924 755 necesse
947 731 1010 761 est;
1034 735 1089 756 nec

202 769 264 799 vim
271 770 366 799 ullam
376 770 575 807 nanciscatur,
587 770 659 810 quit,
671 768 960 809 utprimo,impulsa
969 778 1090 798 movea-

203 817 260 842 tur.
286 813 365 842 Cum
382 818 483 852 pateat
497 813 599 853 igitur,
617 819 762 842 aeternum
778 811 809 841 id
824 821 885 841 esse
901 811 982 852 quod
998 822 1028 841 se
1042 811 1090 852 ip.

203 865 272 885 sum
287 861 417 892 moveat,
435 856 502 896 quis
518 862 572 892 est,
590 855 643 895 qui
657 856 735 885 hanc
749 860 889 884 naturam
904 854 1013 884 animis
1028 865 1090 884 esse

204 898 349 928 tributam
373 900 486 938 neget?
518 899 696 929 Inanimum
717 904 760 927 est
783 897 864 926 enim
885 906 985 934 omne,
1009 898 1091 939 quod

203 942 295 981 pulsu
311 941 442 981 agitatur
457 947 600 971 externo:
625 941 707 981 quod
725 946 827 970 autem
848 945 891 969 est
911 940 1035 977 animal,
1059 940 1091 970 id

203 990 288 1014 motu
305 984 398 1014 cietur
411 984 561 1021 interiore,
584 990 613 1014 et
633 994 706 1014 suo:
731 993 802 1013 nam
823 983 887 1012 haec
908 988 951 1012 est
971 983 1092 1023 propria

203 1032 311 1057 natura
326 1027 419 1056 animi
435 1033 526 1067 atque
541 1027 603 1057 vis:
630 1037 698 1067 quae
714 1026 738 1056 si
754 1032 797 1055 est
808 1035 870 1055 una
885 1035 922 1055 ex
937 1026 1090 1064 omnibus,

203 1081 272 1110 quae
288 1080 317 1100 se
329 1070 394 1110 ipsa
409 1080 526 1111 semper
540 1076 679 1105 moveat;
697 1079 796 1110 neque
811 1074 882 1098 nata
896 1074 974 1099 certe
990 1075 1044 1107 est,
1061 1075 1090 1099 et

206 1118 318 1142 aeterna
333 1113 410 1143 est.”

248 1156 335 1186 Licet
359 1162 535 1186 concurrant
560 1155 670 1196 plebeii
695 1165 799 1185 omnes
825 1154 1008 1195 philosophi,
1037 1154 1092 1188 (sic

206 1198 287 1228 enim
308 1199 340 1235 ii,
357 1199 410 1239 qui
425 1209 443 1228 a
459 1199 586 1228 Platone
607 1205 635 1228 et
651 1200 782 1236 Socrate,
806 1204 835 1227 et
855 1199 892 1227 ab
908 1197 943 1227 ea
963 1197 1090 1235 familiai,

205 1241 359 1279 dissident,
383 1241 556 1282 appellandi
576 1242 729 1278 videntur)
751 1251 811 1271 non
831 1240 922 1270 modo
943 1240 1019 1270 nihil
1034 1250 1092 1270 un-

205 1295 299 1325 quam
316 1291 378 1314 tam
394 1285 545 1325 eleganter
557 1284 762 1325 explicabunt,
779 1283 829 1314 sed
845 1293 882 1313 ne
897 1283 953 1313 hoc
968 1283 1092 1324 quidem

202 1327 315 1368 ipsum,
342 1338 436 1368 quam
462 1327 611 1357 subtiliter
637 1327 811 1357 conclusum
838 1327 886 1362 sit,
913 1326 1091 1366 intelligent.

205 1371 302 1400 Sentit
314 1371 407 1410 igitur
418 1370 537 1400 animus
553 1381 583 1400 se
598 1370 731 1400 moveri:
756 1369 838 1410 quod
854 1379 923 1399 cum
939 1370 1039 1406 sentit,
1055 1369 1093 1398 il-

204 1413 258 1442 lud
274 1414 336 1443 una
357 1413 456 1451 sentit,
479 1424 509 1443 se
529 1413 559 1443 vi
579 1413 644 1451 sua,
666 1423 727 1443 non
746 1413 856 1449 aliena,
881 1412 1014 1442 moveri:
1039 1422 1094 1442 nec

204 1456 336 1486 accidere
351 1467 448 1497 posse,
471 1462 505 1486 ut
526 1456 589 1496 ipse
613 1466 750 1496 unquam
771 1467 788 1485 a
808 1466 839 1486 se
859 1455 1029 1485 deseratur:
1055 1465 1092 1485 ex

206 1510 267 1539 quo
294 1499 420 1529 efficitur
446 1499 613 1534 aeternitasg
646 1499 704 1529 nisi
733 1499 807 1539 quid
837 1499 929 1528 habes
954 1498 993 1527 ad
1018 1498 1091 1528 haec.

207 1542 236 1571 A
242 1542 352 1571 aditor.
369 1542 438 1582 Ego
459 1552 528 1573 vero
543 1542 629 1572 facile
645 1552 712 1572 sum
728 1552 843 1582 passus,
860 1551 897 1571 ne
912 1541 944 1570 in
959 1547 1092 1570 mentem

207 1584 331 1624 quidem
358 1585 434 1614 mihi
457 1584 572 1625 aliquid
599 1591 701 1615 contra
727 1585 846 1615 venire:
870 1584 913 1614 ita
937 1583 985 1614 isti
1007 1583 1093 1614 faveo

207 1628 370 1657 sententiae.

250 1670 377 1700 XXIV.
403 1672 546 1701 Marcus.
564 1670 649 1708 Quid
665 1670 717 1700 illa
732 1670 879 1701 tandem?
896 1680 970 1699 num
982 1669 1093 1699 leviora

206 1723 316 1750 censes,
350 1724 418 1754 quae
446 1714 598 1744 declarant
623 1714 717 1744 inesse
745 1713 775 1743 in
801 1713 909 1743 animis
936 1712 1095 1742 hominum

205 1756 307 1786 divina
331 1756 497 1797 quaedam?
522 1768 590 1797 quae
614 1757 638 1787 si
663 1767 814 1787 cernerem
839 1755 1098 1796 quemadmodum
