1180 1935
169 57 231 88 DE
256 56 364 88 NAT.
388 56 525 89 DEOR.
549 57 630 88 Lm.
647 58 694 89 ΙΙ.
717 58 802 90 CAP.
819 58 871 89 56.
909 59 972 90 389

88 143 261 185 pertinent;
285 153 339 184 per
353 153 429 184 quas
443 143 546 185 lapsus
560 144 656 181 cibus,
672 144 704 174 in
719 145 776 175 hoc
788 144 853 186 ipso
862 144 939 182 loco,
952 145 984 175 in

89 197 157 217 eam
173 196 282 217 venam
301 197 370 227 quae
390 196 463 217 cava
483 187 665 228 appellatur,
686 187 894 225 confunditur,
915 198 985 228 per-

91 240 152 271 que
167 240 235 260 eam
246 229 285 260 ad
297 239 358 267 cor,
371 230 523 260 confectus
535 231 600 269 jam
613 236 786 271 coctusque,
799 231 983 271 perlabitur:

90 284 109 303 a
124 273 212 303 corde
226 279 329 303 autem
345 273 377 302 in
393 278 493 303 totum
508 284 615 314 corpus
627 273 818 303 distribuitur
830 284 882 314 per
894 284 985 304 venas

90 316 258 346 admodum
280 316 405 354 multas,
431 316 463 346 in
487 326 592 346 omnes
615 323 715 357 partes
738 317 870 357 corporis
893 316 986 358 perti-

91 365 206 389 nentes.

134 401 407 440 Quemadmodum
428 409 531 433 autem
548 402 685 443 reliquiae
703 401 762 432 cibi
782 401 984 442 depellantur,

90 451 158 475 tum
174 445 430 485 adstringentibus
448 456 479 476 se
498 445 658 482 intestinis,
678 451 745 475 tum
766 445 985 483 relaxantibus,

90 488 174 518 haud
190 498 261 518 sane
280 488 402 518 difficile
422 488 504 519 dictu
526 494 588 519 est:
614 488 665 518 sed
681 495 783 518 tamen
802 494 986 528 praetereun-

91 531 167 561 dum
182 537 237 569 est,
259 541 297 561 ne
317 531 392 572 quid
412 532 523 562 habeat
543 531 772 570 injucunditatis
792 531 897 561 oratio.
926 531 988 561 lna

89 574 191 615 potius
206 574 374 615 explicetur
391 574 574 605 incredibilis
595 574 709 604 fabrica
728 580 854 604 naturae.
887 574 986 611 Nam,

90 628 160 658 quae
175 618 282 658 spiritu
303 617 334 647 in
355 618 516 666 pulmones
537 617 640 647 anima
659 617 792 655 ducitur,
813 628 849 647 ea
868 616 988 647 calescit

89 661 227 701 primum
242 662 281 690 ab
295 670 329 690 eo
340 661 460 701 spiritu,
473 661 582 691 deinde
594 661 771 701 contagione
782 661 985 701 puhnonum·
975 682 985 695 ,

90 713 128 734 ex
153 714 249 745 eaque
272 714 341 744 pars
363 704 500 734 redditur
522 704 708 745 respirando,
730 714 799 744 pars
819 703 989 744 concipitur

91 746 187 777 cordis
204 752 290 787 parte
310 747 456 787 quadam,
479 757 572 788 quem
593 747 796 777 ventriculum
817 746 914 777 cordis
934 756 989 787 ap-

91 790 228 838 pellant-3
249 789 298 820 cui
313 790 420 820 similis
435 790 510 820 alter
525 790 687 829 adjunctus
702 796 757 828 est,
770 790 801 819 in
815 800 907 830 quem
919 799 989 819 san-

91 833 160 874 guis
176 844 194 863 a
206 834 305 872 jecore
319 843 372 874 per
387 843 496 863 venam
512 833 598 863 illam
613 844 719 864 cavam
734 833 845 863 influit.
878 832 988 873 quue

92 876 194 914 modo,
213 886 250 906 ex
265 876 312 906 his
327 876 476 916 partibus,
493 883 523 906 et
538 876 661 917 sanguis
676 887 729 917 per
744 886 836 906 venas
850 875 882 905 in
898 886 989 906 omne

92 929 200 960 corpus
214 919 408 957 diffunditur,
425 925 455 950 et
470 919 593 960 spiritus
608 930 661 960 per
676 920 808 950 arterias.
841 919 989 960 Utraeque

92 968 208 1000 autem,
231 964 341 993 crebrae
360 963 528 1004 multaeque
549 969 612 992 toto
630 973 752 1004 corpore
773 963 908 1000 intextae,
925 963 989 992 vim

95 1006 262 1046 quamdam
274 1005 483 1036 incredibilem
494 1005 646 1037 artificiosi
657 1006 755 1047 operis
767 1006 923 1046 divinique
933 1011 991 1036 tes-

94 1054 206 1079 tantur.

134 1092 220 1130 Quid
234 1091 334 1122 dicam
360 1091 398 1122 de
420 1092 562 1123 ossibus?
594 1103 674 1133 quae,
700 1092 836 1131 subjecta
857 1091 987 1132 corpori,

91 1135 245 1166 mirabiles
261 1135 472 1166 commissuras
487 1136 612 1173 habent,
629 1142 659 1166 et
673 1135 713 1165 ad
728 1135 923 1166 stabilitatem
935 1145 990 1175 ap-

92 1184 148 1215 tas,
170 1184 199 1208 et
213 1178 253 1209 ad
268 1184 350 1208 artus
370 1179 518 1209 finiendos
539 1179 792 1216 accommodatas,
814 1187 844 1209 et
864 1178 903 1208 ad
922 1188 990 1208 mo-

92 1227 172 1259 tum,
198 1229 228 1252 et
253 1221 292 1252 ad
317 1232 440 1253 omnem
467 1222 598 1262 corporis
621 1222 781 1252 actionem.
817 1221 891 1252 Huc
913 1220 992 1252 adde

92 1274 210 1303 nervos,
232 1275 251 1295 a
271 1265 383 1306 quibus
404 1271 486 1295 artus
507 1265 719 1301 continentum
744 1275 911 1306 eorumque
931 1264 992 1294 im-

93 1308 288 1348 plicationem
314 1314 378 1338 toto
408 1318 530 1349 corpore
558 1308 760 1349 pertinentem
773 1319 782 1344 3
818 1308 883 1349 qui,
914 1308 992 1338 sicut

94 1361 178 1381 venae
193 1358 223 1381 et
237 1351 365 1389 arteriae,
382 1362 401 1382 a
420 1351 508 1383 corde
528 1352 614 1382 tracti
635 1357 664 1382 et
681 1351 820 1393 profecti,
835 1351 868 1382 in
883 1361 992 1393 corpus

94 1404 186 1425 omne
200 1394 364 1425 ducuntur.

139 1437 229 1468 LVI.
252 1438 308 1469 Ad
322 1438 402 1468 hanc
415 1437 638 1479 providentiam
654 1443 771 1468 naturae
783 1443 847 1468 tam
863 1437 992 1478 diligen-

94 1485 157 1510 tem
172 1487 297 1522 tamque
310 1482 473 1519 sollertem,
490 1481 618 1522 adjungi
632 1481 732 1511 multa
746 1487 884 1522 possunt,
895 1491 911 1511 e
923 1481 993 1521 qui-

94 1525 152 1555 bus
164 1524 363 1565 intelligatur,
377 1530 500 1566 quantae
514 1535 560 1555 res
571 1524 748 1555 hominibus
760 1535 778 1554 a
789 1524 869 1563 Deo,
883 1534 993 1564 quam-

94 1577 156 1608 que
175 1567 307 1605 eximiae,
330 1568 451 1598 tributae
471 1568 553 1604 sint3
577 1568 632 1608 qui
654 1568 790 1608 primum
812 1578 873 1605 eos,
896 1568 993 1597 humo

95 1610 253 1648 excitatos,
269 1611 362 1641 celsos
378 1617 408 1641 et
422 1617 533 1642 erectos
549 1611 716 1648 constituit,
736 1617 771 1640 ut
786 1611 925 1641 Deorum
943 1620 994 1640 co·-

95 1653 276 1694 gnitionem‚
299 1654 409 1685 coelum
430 1654 593 1693 intuentes,
616 1664 722 1695 capere
744 1659 875 1695 possent.
914 1654 995 1684 Sunt

95 1696 178 1727 enim
195 1695 228 1736 [e
243 1697 324 1727 terra
337 1697 505 1746 homines,]
523 1707 584 1728 non
600 1703 635 1727 ut
649 1697 756 1727 incolae
767 1703 860 1738 atque
874 1696 993 1727 habita-

94 1745 185 1780 tores,
201 1739 254 1771 sed
273 1740 360 1782 quasi
380 1747 561 1783 spectatores
580 1750 760 1783 superarum
780 1750 882 1772 rerum
902 1746 995 1781 atque

636 1785 655 1814 2
673 1792 693 1814 L
713 1785 733 1813 3
