1226 1935
225 104 349 136 TUSC.
365 103 539 143 QUAEST.
558 103 636 134 Lm.
654 102 719 134 ΙΙΙ.
743 102 827 134 ΟΑΡ.
843 103 895 133 28.
941 104 1004 134 209

121 191 206 233 Ergo
226 191 259 222 in
282 196 428 233 potestate
452 196 496 222 est
519 190 646 229 abjicere
667 189 814 226 dolorem,
835 199 905 220 cum
927 189 1012 226 velis,

122 235 252 276 tempori
264 235 451 265 servientem.
471 234 527 264 An
542 239 585 264 est
595 233 694 263 ullum
707 238 840 273 tempus,
854 232 1014 273 (quoniam

121 278 246 320 quidem
263 288 309 308 res
323 278 355 308 in
368 277 469 307 nostra
484 282 629 318 potestate
644 282 701 313 est)
717 275 765 306 cui
778 285 850 312 non,
867 275 1016 316 ponendae

123 331 204 352 curae
228 327 257 352 et
279 321 467 362 aegritudinis
491 319 593 357 causa,
617 320 807 350 serviamus?
836 318 1014 355 Constabat,

125 375 175 395 eos
196 364 250 405 qui
271 364 479 394 concidentem
500 362 675 394 vuhieribus
697 362 754 393 Cn.
772 361 957 402 Pompeium
973 361 1017 391 vi-

125 408 249 445 dissent,
274 417 343 438 cum
365 407 396 437 in
417 407 470 437 illo
490 406 556 447 ipso
576 405 766 436 acerbissimo
787 404 1017 445 miserrimoque

126 450 297 492 spectaculo
312 450 369 481 sibi
385 450 537 487 timerent,
561 449 644 490 quod
660 459 690 479 se
705 449 797 479 classe
812 448 945 478 hostium
962 447 1019 477 cir-

125 493 280 525 cumfusos
302 493 448 531 viderent,
471 493 549 522 nihil
572 498 639 522 tum
664 491 747 522 aliud
773 490 877 531 egisse,
901 490 959 520 nisi
983 495 1020 520 ut

126 537 256 578 remiges
280 537 483 573 hortarentur,
513 541 543 566 et
569 542 603 566 ut
628 535 757 565 salutem
783 534 1019 575 adipiscerentur

126 580 222 621 fuga&
246 586 445 621 posteaquam
468 579 590 620 Tyrum
610 578 770 615 venissent,
795 584 862 607 tum
883 576 1021 607 afflictari

127 623 350 664 lamentarique
365 622 496 663 coepisse.
530 622 639 652 Timor
654 621 747 662 igitur
762 621 800 651 ab
816 620 851 650 iis
868 619 1021 661 aegritudi-

127 676 199 696 nem
211 666 311 707 potuit
323 667 486 707 repellere3
510 665 586 695 ratio
597 675 631 696 ac
646 664 792 706 sapientia
807 674 876 694 vera
891 673 952 693 non
968 673 1022 703 po-

127 709 219 740 terit?

172 752 340 783 XXVIII.
364 751 451 790 Quid
471 757 515 783 est
535 756 649 789 autem,
674 750 756 792 quod
775 750 845 791 plus
866 749 964 780 valeat
984 748 1024 779 ad

129 796 307 838 ponendum
323 795 470 833 dolorem,
487 805 581 836 quam
597 805 668 825 cum
680 800 724 824 est
734 793 933 830 intellectum,
948 792 1025 822 nihil

131 839 249 881 profici,
273 845 302 869 et
316 838 428 869 frustra
448 848 510 869 esse
531 843 704 878 susceptum
716 838 730 867 ?
754 837 787 867 Si
802 836 896 877 igitur
915 835 1026 876 deponi

132 888 241 924 potest,
258 882 350 912 etiam
365 892 425 912 non
441 881 552 922 suscipi
567 886 674 922 potest.
707 880 875 910 Voluntate
889 879 982 919 igitur
997 885 1027 909 et

130 926 247 966 judicio
263 925 373 966 suscipi
388 925 612 965 aegritudinem‚
628 923 834 954 confitendum
850 928 902 952 est.
928 921 1028 963 quue

133 969 285 999 indicatur
300 979 404 999 eorum
419 967 578 1009 patientia,
595 967 659 1008 qui,
676 975 747 997 cum
762 966 862 996 multa
876 965 936 996 sint
948 975 1027 1005 saepe

134 1012 278 1053 perpessi,
295 1011 413 1041 facilius
428 1011 540 1049 ferunt,
557 1009 707 1051 quidquid.
723 1009 850 1045 accidit;
867 1008 1028 1039 obduruis-

135 1066 227 1096 seque
243 1065 304 1085 sese
319 1060 423 1085 contra
437 1055 592 1085 fortunam
607 1053 813 1089 arbitrantur;
830 1058 865 1082 ut
879 1052 931 1082 ille
945 1051 1029 1093 apud

135 1098 318 1139 Euripidem
332 1109 341 1128 ι

179 1160 201 1176 “
216 1158 249 1188 Si
263 1157 340 1188 mihi
354 1167 436 1188 nunc
450 1155 542 1188 tristis
557 1156 693 1197 primum
708 1151 858 1185 illuxisset
873 1153 948 1193 dies,

179 1201 247 1232 Nec
262 1207 324 1231 tam
341 1210 510 1231 aerumnoso
525 1199 744 1240 navigavissem
760 1198 834 1235 salo,

180 1244 270 1275 Esset
285 1244 407 1275 dolendi
421 1254 530 1279 causa3
556 1249 590 1273 ut
605 1243 715 1282 injecto
730 1240 853 1282 equulei

180 1287 281 1318 Freno
296 1294 418 1328 repente
433 1293 515 1317 tactu
531 1286 724 1326 exagitantur
739 1294 826 1314 novo.

181 1330 242 1362 Sed
254 1332 320 1371 jam
336 1332 477 1361 subactus
492 1329 620 1360 miseriis
635 1327 810 1369 obtorpui.’'

139 1398 326 1439 Defatigatio
341 1397 435 1438 igitur
448 1396 639 1428 miseriarum
652 1395 845 1436 aegritudines
856 1404 927 1425 cum
943 1393 1033 1425 faciat

138 1442 276 1479 leniores,
292 1441 422 1481 intelligi
437 1450 554 1471 necesse
569 1446 624 1479 est,
640 1449 702 1470 non
716 1449 782 1470 rem
797 1439 896 1480 ipsam
908 1447 1031 1469 causam

141 1490 232 1526 atque
247 1485 363 1515 fontem
379 1494 441 1514 esse
455 1483 600 1514 moeroris.

183 1527 360 1569 Philosophi
381 1527 506 1564 summi,
530 1537 629 1567 neque
643 1525 719 1556 dum
735 1531 837 1555 tamen
853 1523 1032 1565 sapientiam

140 1572 302 1608 consecuti,
316 1580 415 1601 nonne
426 1570 612 1610 intelligunt,
624 1569 656 1599 in
669 1579 790 1600 summo
805 1579 836 1599 se
851 1569 933 1598 malo
945 1577 1007 1597 esse
1018 1568 1032 1596 Ρ

142 1616 222 1646 Sunt
236 1614 318 1645 enim
332 1614 506 1655 insipientes
519 1624 529 1650 3
554 1623 652 1654 neque
663 1611 836 1653 insipienti-21
851 1611 952 1641 ullum
967 1619 1034 1639 ma-

139 1659 191 1698 jus
216 1658 335 1687 malum
361 1663 423 1687 est:
453 1667 552 1697 neque
577 1662 680 1686 tamen
706 1656 822 1696 lugent.
857 1653 942 1691 Quid
965 1652 1008 1682 ita
1019 1653 1033 1682 Ρ

143 1700 228 1739 Quia
239 1700 311 1731 huic
325 1699 427 1741 generi
441 1700 593 1730 malorum
609 1709 669 1729 non
685 1698 840 1739 affingitur
851 1697 904 1727 illa
918 1695 1033 1737 opinio,

143 1749 260 1775 rectum
284 1754 347 1775 csse
370 1749 400 1774 et
425 1753 561 1784 aequum,
585 1748 614 1774 et
640 1742 679 1773 ad
708 1741 843 1772 officium
873 1740 1034 1781 pertinere,

710 1793 731 1815 Τ
756 1785 776 1814 3
