1226 1935
269 73 392 106 TUSC.
410 74 583 112 QUAEST.
602 74 680 104 Lux.
699 74 739 105 V.
764 75 848 105 CAP.
865 76 895 104 5.
966 74 1028 103 255

140 158 286 198 audierat,
314 160 433 191 numeri
459 167 622 202 motusque
648 162 865 198 tractabantur,
893 166 923 190 et
949 158 1030 189 unde

139 203 243 233 onmia
263 203 422 242 orirentur,
444 214 542 244 quove
564 203 753 234 recederent:
778 203 970 244 studioseque
991 203 1030 232 ab

140 244 187 275 his
202 245 335 276 siderum
350 247 586 287 magnitudines,
603 246 771 285 intervalla,
789 257 904 284 cursus,
921 245 1030 286 anqui-

139 289 293 326 rebantur,
311 295 340 320 et
354 296 463 320 cuncta
477 290 615 320 coelestia.
640 291 775 320 Socrates
790 295 893 319 autem
910 289 1028 329 primus

138 331 361 373 philosophiam
378 332 532 363 devocavit
547 343 563 363 e
589 333 673 369 coelo,
693 338 722 362 et
742 333 774 362 in
795 332 921 362 urbibus
937 331 1029 362 collo-

138 374 228 412 cavit,
245 382 274 405 et
288 376 319 405 in
335 376 439 406 domos
455 376 546 406 etiam
562 375 741 413 introduxit,
759 381 788 406 et
803 375 900 416 coe'git
914 374 952 405 de
967 374 1031 404 vita

138 423 169 447 et
184 418 330 457 moribus,
343 420 493 460 rebusque
508 420 594 449 bonis
609 425 638 449 et
653 419 752 455 malis,
765 428 907 459 quaerere.
932 417 1031 457 Cujus

139 461 302 502 multiplex
318 462 394 492 ratio
409 462 594 502 disputandi,
612 471 773 502 rerumque
794 462 920 492 varietas
939 466 968 491 et
983 460 1030 489 in-

138 504 221 544 genii
236 505 426 545 magnitudo,
445 505 581 535 Platonis
600 505 747 535 memori-22
768 510 797 534 et
817 504 911 534 literis
929 513 1032 534 conse-

138 553 230 586 crata,
247 548 337 588 plura
348 558 458 588 genera
474 548 569 578 effecit
581 547 822 578 dissentientium
835 546 1031 588 philosopho—

139 599 219 620 rum.
252 590 280 620 E
297 591 408 632 quibus
424 601 478 621 nos
493 591 524 621 id
540 591 732 632 potissimum
748 591 898 621 consecuti
914 600 1031 626 sumus,

139 643 202 673 quo
223 634 377 664 Socratem
398 644 488 664 usum
509 635 742 670 arbitrabamur,
765 640 801 664 ut
820 640 953 664 nostram
974 632 1033 673 ipsi

138 677 319 706 sententiam
336 683 516 718 tegeremus,
534 688 631 708 errore
651 678 724 708 alios
746 678 926 714 levaremus,
948 683 977 707 et
998 676 1031 706 in

137 719 222 749 omni
238 719 452 761 disputatione,
469 721 543 761 quid
559 721 840 751 esset‘simillimum
856 720 929 757 veri,
947 730 1030 760 quae-

137 772 281 793 reremus.
317 764 420 801 Quem
441 774 558 793 morem
579 774 649 794 cum
669 763 838 794 Carneades
859 763 1031 794 acutissime

137 806 401 847 copiosissimeque
422 807 577 844 tenuisset,
598 807 725 837 fecimus
746 813 775 837 et
794 807 868 836 alias
889 817 979 847 saepe,
1003 811 1033 835 et

138 858 236 890 nuper
251 849 282 879 'm
299 849 487 888 Tusculano,
504 856 539 879 ut
560 850 598 879 ad
614 861 681 881 eam
701 849 951 880 consuetudinem
972 849 1034 879 dis-

138 898 325 933 putaremus.
350 893 392 923 Et
405 893 558 934 quatridui
570 893 695 933 quidem
711 903 881 923 sermonem
897 892 1032 933 superio-

138 935 222 966 ribus
232 936 270 966 ad
282 942 310 966 te
322 937 521 977 perscriptum
532 936 616 966 libris
628 936 767 966 misimus
779 948 787 966 ε
810 936 918 976 quinto
928 941 1032 965 autem

138 978 198 1017 die,
215 989 284 1009 cum
301 979 407 1009 eodem
422 980 488 1010 loco
503 979 749 1019 consedissemus,
773 979 814 1010 sic
834 984 878 1009 est
897 978 1033 1020 proposi-

139 1026 219 1059 tum,
236 1022 273 1052 de
288 1033 350 1063 quo
365 1022 598 1063 disputaremus.

184 1065 224 1096 V.
236 1066 383 1096 Auditor.
397 1066 470 1096 Non
481 1066 558 1095 mihi
567 1065 696 1104 videtur,
707 1065 747 1095 ad
755 1067 842 1096 beate
852 1065 1029 1103 vivendum,

141 1108 212 1139 satis
221 1118 306 1150 posse
316 1109 468 1139 virtutem.
487 1110 629 1139 Μανσιιε.
643 1109 700 1146 At,
714 1109 846 1146 hercule,
857 1109 956 1139 Bruto
966 1118 1034 1138 meo

141 1151 279 1188 videtur;
297 1153 383 1191 cujus
394 1162 449 1193 ego
461 1152 613 1191 judicium
627 1154 712 1193 (pace
721 1152 775 1182 tua
787 1151 931 1189 dixerim)
943 1151 1034 1192 longe

142 1200 292 1236 antepono
314 1201 376 1226 tuo.
400 1196 546 1225 Auditor.
572 1196 644 1225 Non
667 1195 782 1225 dubito.
813 1195 881 1225 Nec
902 1194 934 1224 id
954 1204 1037 1225 nunc

143 1238 253 1278 agitur,
271 1244 305 1268 tu
319 1238 410 1268 illum
426 1244 577 1279 quantum
593 1249 675 1268 ames
687 1250 694 1268 :
720 1238 772 1268 sed
783 1238 851 1276 hoc,
863 1238 946 1278 quod
957 1237 1035 1267 mihi

143 1280 209 1311 dixi
224 1281 328 1319 videri,
345 1282 435 1322 quale
451 1282 499 1320 sit,
516 1281 553 1312 de
569 1292 603 1312 eo
613 1292 631 1311 a
643 1287 671 1312 te
683 1281 830 1322 disputari
842 1282 920 1311 volo.
941 1282 1037 1311 Mar-

142 1334 206 1354 cus.
224 1324 346 1365 Nempe
355 1335 458 1366 negas,
470 1324 510 1355 ad.
518 1326 605 1355 beate
617 1324 793 1363 vivendum,
802 1324 872 1354 satis
882 1334 968 1364 posse
976 1324 1037 1354 vir-

146 1373 245 1397 tutem
258 1369 272 1398 ?
296 1368 441 1398 Auditor.
456 1368 583 1398 Prorsus
598 1378 684 1408 nego.
709 1369 853 1398 Murcus.
867 1367 976 1405 Quid?
1000 1367 1039 1397 ad

146 1417 237 1449 recte,
254 1410 388 1450 honeste,
404 1411 608 1449 laudabiliter,
625 1417 778 1452 postremo
793 1410 832 1440 ad
846 1412 923 1441 bene
935 1410 1039 1440 viven-

146 1453 234 1490 dum,
252 1454 361 1484 satisne
376 1460 420 1484 est
434 1454 566 1495 praesidii
581 1454 613 1484 in
629 1454 764 1484 virtute?
787 1454 934 1484 Auditor.
952 1453 1041 1484 Certe

149 1497 229 1526 satis.
253 1498 397 1526 Marcus.
415 1498 504 1527 Potes
519 1497 623 1538 igitur,
640 1503 694 1528 aut
708 1496 762 1538 qui
776 1497 857 1527 male
873 1497 965 1534 vivat,
978 1506 1040 1526 non

147 1550 220 1569 eum
241 1540 387 1570 miserum
408 1540 516 1579 dicere,
538 1546 602 1577 aut,
619 1550 713 1581 quem
734 1541 810 1570 bene
830 1540 953 1577 fateare,
970 1549 1042 1569 eum

149 1592 259 1623 negare
274 1584 361 1613 beate
373 1583 495 1614 vivere?
519 1584 667 1613 AmlItor.
684 1583 803 1621 Quidni
815 1583 928 1624 possim
937 1584 951 1613 ?
967 1592 1041 1613 nam

149 1625 242 1656 etiam
257 1626 290 1656 in
306 1627 463 1657 tormentis
478 1633 568 1665 recte,
584 1627 720 1664 honeste,
736 1625 941 1664 laudabiliter,
958 1631 988 1655 et
1002 1627 1042 1656 ob

149 1679 217 1699 eam
233 1679 297 1699 rem
312 1669 468 1708 bene,vivi
482 1675 590 1711 potest,
606 1669 774 1700 dummodo
788 1668 951 1709 intelligas,
967 1668 1043 1709 quid

152 1721 235 1743 nunc
249 1712 348 1743 dicam
373 1714 396 1731 “
410 1714 488 1744 bene
499 1713 531 1743 :''
555 1712 621 1744 dico
637 1712 730 1751 enim,
747 1717 928 1750 constanter,
945 1711 1044 1752 gravi-
