1226 1935
195 90 216 120 6
328 88 389 120 DE
413 88 611 127 FINIBUS,
635 89 714 121 1111».
731 89 797 121 ΙΙΙ.
820 90 904 123 CAP.
920 92 951 122 4.

240 174 299 205 IV.
324 175 404 213 Quae
426 175 535 213 adhuc,
560 176 647 214 Cato,
670 187 688 207 a
710 182 739 207 te
761 176 840 207 dicta
862 182 943 215 sunt,
967 177 1084 215 eadem,

196 217 336 257 inquam,
352 218 449 248 dicere
464 230 574 259 posses,
592 219 615 249 si
636 230 790 260 sequerere
812 220 1012 260 Pyrrhonem,
1034 226 1088 251 aut

196 260 383 292 Aristonem.
417 262 448 291 N
452 272 484 292 ec
502 262 582 291 enim
603 262 733 302 ignoras,
754 263 801 292 his
821 263 898 292 illud
913 263 1085 301 honestum,

196 312 257 332 non
284 314 440 334 summum
463 305 564 341 modo,
592 305 643 334 sed
666 305 756 334 etiam
780 309 828 338 (ut
850 312 884 335 tu
907 306 964 341 vis)
987 307 1087 336 solum

196 346 312 377 bonum
333 347 435 377 videri.
468 347 561 384 Quod
583 347 606 376 si
627 348 669 377 ita
690 354 752 383 est„
767 349 902 388 sequitur
923 349 953 378 id
972 349 1085 389 ipsum,

197 388 279 429 quod
295 395 324 419 te
336 390 412 419 velle
427 390 524 426 video,
541 399 646 420 omnes
666 401 782 430 semper
803 392 905 420 beatos
926 402 987 421 esse
1008 391 1087 431 sapi-

197 437 289 461 entes.
315 432 420 462 Hosne
435 433 528 472 igitur
542 433 660 470 laudas,
677 439 705 463 et
720 433 798 463 hanc
814 443 930 471 eorum,
947 434 1086 474 inquam,

197 475 376 505 sententiam
393 476 477 515 sequi
493 486 546 505 nos
562 485 661 505 censes
677 478 837 516 oportere?

242 516 375 547 Minime
391 528 460 548 vero
475 518 600 548 istorum
617 518 752 558 quidem,
769 519 877 558 inquit.
910 518 988 548 Cum
1006 519 1087 548 enim

197 559 316 589 virtutis
331 560 387 590 hoc
403 561 562 601 proprium.
575 560 623 596 sit,
641 571 743 590 earum
764 572 876 595 rerum,
894 572 962 601 quae
983 571 1088 591 secun-

198 602 273 631 dum
289 608 429 633 naturam
446 604 515 638 sint,
532 603 641 633 habere
657 603 827 638 delectum;
853 604 905 644 qui
926 604 1029 633 omnia
1047 604 1088 634 sic

198 652 443 685 exaequaverunt,
460 652 495 675 ut
509 646 540 675 in
557 652 717 686 utramque
733 653 849 686 partem
866 647 907 675 ita
922 646 1007 686 paria
1023 647 1090 676 red⁴

198 687 313 725 derent‚
328 688 372 717 uti
384 689 470 718 nullst
482 688 638 718 selectione
650 695 805 718 uterentur
820 688 928 729 [ejus‚]
947 689 1089 719 virtutem

200 730 298 771 ipsam
315 732 508 761 sustulerunt.

244 774 331 803 Istud
347 774 482 814 quidem,
505 774 642 814 inquam,
663 775 776 814 optime
791 774 883 804 dicis:
909 774 959 804 sed
976 785 1089 815 quaero,

199 825 300 845 nonne
320 816 374 847 tibi
393 817 564 847 faciendum
585 817 666 846 idem
682 818 730 853 sit,
748 817 821 846 nihil
838 817 947 847 dicenti
963 819 1089 854 bonum,

200 859 282 898 quod
297 869 356 889 non
370 866 485 890 rectum
497 860 718 900 honestumque
730 860 778 896 sit,
791 860 976 900 reliquarum
990 871 1090 890 rerum

200 902 359 931 discrimen
381 912 470 933 omne
491 903 633 932 tollenti?
666 903 697 932 eii
719 902 853 943 quidem,
873 903 983 943 inquit,
1006 904 1091 933 tolle-

201 954 285 974 rem:
311 944 362 975 sed
378 945 525 986 relinquo.
557 945 701 983 Quonam
718 945 818 983 modo,
836 946 973 986 inquam,
991 946 1015 975 si
1031 956 1092 975 una

204 987 310 1023 virtus,
325 998 421 1017 unum
434 988 525 1024 istud,
539 988 621 1028 quod
632 988 792 1018 honestum
805 989 950 1028 appellaS,
962 995 1089 1026 rectum,

202 1029 366 1067 laudabile,
377 1030 530 1067 decorum,
542 1031 610 1062 (erit
625 1031 705 1060 enim
718 1031 818 1062 notius
831 1031 921 1072 quale
934 1031 981 1067 sit,
995 1032 1091 1072 pluri-

202 1073 260 1103 bus
275 1079 412 1103 notatum
430 1074 582 1103 vocabulis
600 1073 679 1103 idem
701 1073 934 1111 declarantibus)
955 1074 985 1103 id
1008 1085 1090 1114 ergo,

200 1115 340 1155 inquam,
357 1116 382 1146 si
397 1117 495 1146 solum
512 1122 555 1146 est
570 1118 696 1153 bonum,
714 1117 788 1157 quid
801 1117 924 1146 habebis
936 1123 1090 1157 praeterea‚

198 1158 281 1198 quod
297 1161 445 1198 sequare?
465 1167 528 1195 aut,
546 1159 570 1188 si
588 1159 663 1188 nihil
679 1160 809 1195 malum,
825 1159 881 1189 nisi
894 1160 975 1199 quod
991 1166 1090 1201 turpe,

197 1200 404 1238 inhonestum,
431 1202 619 1238 indecorum,
648 1212 788 1242 pravum,
816 1202 1010 1242 flagitiosum,
1038 1203 1092 1232 foe-

198 1243 285 1280 dum,
312 1246 359 1277 (ut
382 1244 439 1274 hoe
465 1255 587 1285 quoque
614 1245 754 1285 pluribus
777 1245 951 1275 nominibus
974 1245 1092 1284 insigne

199 1285 358 1323 faciamus)
375 1287 448 1327 quid
464 1293 607 1327 praeterea
623 1287 701 1317 dices
717 1298 778 1317 esse
790 1288 992 1327 fugiendum?
1019 1288 1047 1317 N
1052 1298 1091 1317 on

200 1328 362 1368 ignoranti,
380 1330 490 1370 inquit,
504 1330 570 1366 tibi,
584 1330 658 1370 quid
671 1331 727 1359 sim
740 1330 886 1366 dicturus,
900 1331 950 1360 sed
962 1331 1090 1370 aliquid,

200 1377 234 1401 ut
257 1382 312 1411 ego
334 1372 477 1412 suspicor5
495 1383 531 1402 ex
555 1374 623 1402 mea
646 1373 729 1403 brevi
751 1373 941 1413 responsione
964 1373 1093 1413 arripere

199 1414 344 1454 cupienti,
361 1425 421 1444 non
438 1415 623 1455 respondebo
639 1416 676 1445 ad
693 1416 821 1455 singula.
852 1416 1023 1456 Explicabo
1038 1427 1092 1456 po-

199 1457 270 1494 tius,
284 1458 428 1497 quoniam
440 1458 526 1487 otiosi
536 1468 652 1495 sumus,
666 1458 721 1488 nisi
735 1458 868 1488 alienum
882 1465 981 1499 putas,
996 1465 1090 1488 totam

200 1499 331 1530 Zenonis
347 1502 578 1540 Stoicorumque
599 1501 787 1531 sententiam.
820 1501 954 1531 Minime
974 1501 1005 1530 id
1024 1501 1092 1541 qui-

199 1542 281 1580 dem,
309 1543 447 1583 inquam,
475 1543 608 1573 alienum
623 1555 630 1573 ε
664 1544 859 1584 multumque
886 1544 923 1574 ad
950 1555 995 1579 ea,
1023 1555 1092 1584 quae

199 1585 374 1625 quaerimus,
392 1585 550 1626 explicatio
566 1592 618 1616 tua
630 1586 685 1616 ista
697 1586 861 1626 profecerit.
887 1587 1092 1627 Experiamur

196 1627 300 1667 igitur,
316 1628 435 1668 inquit;
454 1629 507 1659 etsi
523 1628 614 1658 habet
628 1629 692 1659 haec
709 1631 879 1659 Stoicorum
897 1630 971 1659 ratio
985 1629 1092 1659 diffici-

197 1670 257 1700 lius
281 1671 438 1711 quiddam,
467 1678 495 1701 et
519 1672 682 1701 obscurius.
722 1672 804 1702 Nam
832 1682 901 1702 cum
927 1672 957 1701 in
985 1674 1091 1701 (iraeco

195 1723 333 1744 sermone
348 1714 411 1745 haec
423 1714 487 1756 ipsa
503 1715 657 1755 quondam
674 1725 774 1746 rerum
792 1715 915 1745 nomina
930 1725 1008 1746 nova
1025 1721 1091 1745 tum
