1226 1935
223 85 345 118 TUSC.
362 84 534 124 QUAEST.
559 85 636 116 11113·
658 84 716 116 1v.
740 85 824 117 Cn.
841 85 893 116 26.
939 85 1004 117 239

115 171 238 212 quidem
253 172 350 213 ipsam
365 171 449 202 illam
465 171 541 202 iram
557 171 691 202 centurio
706 171 826 208 habeat,
843 178 896 201 aut
911 171 1004 211 signi.

112 215 168 252 fer,
193 215 239 246 vel
259 214 368 253 caeteri‚
390 214 428 247 de
450 214 561 255 quibus
584 214 642 245 dici
663 224 723 244 non
746 224 864 245 necesse
886 220 941 251 est,
966 224 1005 245 ne

115 257 268 288 rhetorum
295 257 465 298 aperiamus
491 257 642 297 mysteria.
674 256 758 287 Utile
782 263 826 287 est
851 257 931 287 enim
958 256 1004 287 uti

114 307 198 331 motu
218 300 323 338 animi,
345 300 399 341 qui
414 300 459 330 uti
473 300 587 330 ratione
602 309 663 330 non
681 305 800 340 potest:
826 309 880 331 nos
901 305 1003 330 autem

114 346 162 378 (ut
177 344 316 375 testificor
331 350 422 384 saepe)
437 343 475 374 de
490 343 623 384 sapiente
634 342 808 383 quaerimus.

157 386 283 418 XXVI.
307 387 354 416 At
375 387 466 417 etiam
489 386 625 416 aemulari
650 385 725 416 utile
747 392 801 422 est,
825 386 1002 423 obtrectare,

114 429 254 460 misereri.
283 430 346 460 Cur
361 430 518 459 misereare
532 429 643 470 potius,
660 439 753 469 quam
769 428 846 459 feras
861 439 961 469 opem,
978 428 1004 459 si

113 472 145 503 id
159 472 255 503 facere
269 472 381 513 possis.
375 474 388 494 9
411 473 477 509 An,
490 471 553 502 sine
565 471 778 508 misericordia,
790 471 927 502 liberales
940 482 1004 502 esse

113 525 174 546 non
189 525 366 556 possumus.
359 517 373 537 9
398 515 470 545 Non
486 515 567 545 enim
583 515 730 555 suscipere
741 513 798 555 ipsi
810 513 1006 555 aegritudines

114 564 234 599 propter
254 558 327 589 alios
347 558 511 593 debemus;
536 558 587 588 sed
609 557 693 595 alios,
717 556 742 588 si
764 567 936 598 possumus,
959 557 1003 588 le-

113 610 182 632 vare
205 601 390 642 aegritudine.
436 601 614 632 Obtrectare
640 610 708 631 vero
734 600 831 638 alteri,
856 606 920 637 aut,
947 600 1004 631 illa.

113 644 218 675 vitiosa
229 644 420 674 aemulatione
432 655 500 685 quae
511 643 652 675 rivalitati
664 643 769 674 similis
784 648 838 680 est,
852 623 1002 681 aemissari,

112 687 187 728 quid
201 686 292 718 habet
305 687 442 718 utilitatis
453 689 467 718 ?
480 697 550 717 cum
566 687 604 718 sit
619 686 800 724 aemulantis,
817 686 888 727 angi
903 686 1001 717 alieno

113 732 203 768 bono,
230 730 312 771 quod
336 730 400 771 ipse
425 740 486 762 non
508 730 637 765 habeat;
666 729 858 760 obtrectantis
884 735 999 767 autem,

112 773 183 814 angi
202 773 299 804 alieno
313 774 404 808 bono,
428 773 510 814 quod
530 773 561 803 id
577 772 668 804 etiam
688 772 764 803 alius
784 772 902 803 habeat·
933 771 999 809 Qui

112 816 143 847 id
155 816 314 869 approbari
329 816 433 857 possit
446 822 476 846 te
491 816 702 856 aegritudinem
717 815 866 856 suscipere
880 825 935 856 pro
947 825 1000 845 ex-

112 859 268 901 perienda,
292 859 317 889 si
336 859 411 900 quid
430 858 540 889 habere
560 859 652 889 velis.
644 860 658 880 9
681 868 754 889 113111
775 858 874 889 50111111
889 858 1000 889 habere

113 903 198 939 vene,
218 912 338 933 summa
352 901 504 932 dementia
518 908 571 932 est.

153 945 379 976 Mediocritates
397 950 500 975 autem
519 945 670 976 malorum
692 944 760 985 quis
780 944 905 975 laudare
922 951 1001 975 recte

110 988 226 1030 possit?
250 988 318 1029 quis
338 988 419 1019 enim
438 994 546 1029 potest,
569 988 602 1018 in
622 998 683 1029 quo
702 987 796 1018 libido
815 987 1000 1028 cupiditasve

110 1032 159 1070 sit,
183 1041 243 1062 non
258 1031 435 1062 libidinosus
450 1037 478 1062 et
490 1030 617 1072 cupidus
633 1032 719 1061 esse?
743 1031 774 1060 in
790 1040 851 1071 quo
866 1030 921 1067 113,
938 1041 1000 1061 11011

110 1074 296 1107 iracundus?
319 1074 350 1104 in
372 1085 433 1115 quo
453 1084 558 1114 angor,
582 1084 644 1104 non
668 1073 802 1104 anxius?
825 1073 856 1103 in
878 1084 940 1114 quo
960 1073 999 1104 ti-

110 1127 187 1155 mor,
199 1127 259 1149 non
276 1117 401 1148 timidus
413 1119 426 1148 ?
451 1117 665 1148 Libidinosum
677 1116 780 1157 igitur,
798 1123 827 1147 et
838 1116 997 1157 cupidum,

110 1167 140 1192 et
151 1160 340 1197 iracundum,
357 1167 386 1191 et
401 1160 540 1198 anxium,
557 1167 586 1191 et
600 1160 756 1197 timidum,
768 1169 924 1190 censemus
935 1170 999 1190 esse

110 1204 299 1244 sapientem?
323 1204 359 1235 de
380 1205 466 1243 cujus
486 1203 664 1234 excellentia
682 1202 782 1233 multa
799 1202 923 1244 quidem
939 1202 998 1234 dici

110 1247 248 1288 quamvis
272 1246 339 1278 fuse
363 1247 483 1288 lateque
508 1247 641 1288 possint3
670 1246 721 1277 sed
746 1246 919 1276 brevissime
945 1245 998 1276 1110

109 1290 211 1327 modo,
243 1290 428 1331 Sapientiam
444 1301 506 1321 esse
525 1300 626 1320 rerum
649 1289 821 1319 divinarum
843 1295 872 1319 et
886 1289 997 1319 huma-

109 1343 218 1363 narum
234 1333 398 1370 scientiam,
415 1333 688 1374 cognitionemque,
705 1343 774 1373 quae
788 1332 936 1373 cujusque
954 1332 998 1363 rei

110 1386 198 1406 causa
214 1375 270 1406 sit.
294 1387 331 1407 ex
351 1386 412 1417 quo
433 1376 569 1413 efficitur,
592 1382 628 1406 ut
651 1375 754 1406 divina
768 1375 914 1413 imitetur,
937 1373 997 1405 hu-

109 1429 201 1450 mana
215 1419 318 1449 omnia
331 1419 471 1450 inferiora
485 1419 595 1449 xirtute
609 1419 709 1450 ducat.
743 1419 782 1449 In
797 1418 875 1448 hanc
890 1424 924 1448 tu
939 1418 997 1459 igi-

108 1467 169 1499 tur,
193 1468 350 1503 tamquam
369 1462 401 1493 in
420 1472 514 1499 mare,
536 1461 619 1502 quod
639 1468 682 1492 est
700 1461 796 1493 ventis
811 1462 995 1500 subjectum,

108 1505 363 1546 perturbationem
379 1505 482 1536 cadere
497 1505 552 1536 tibi
572 1505 674 1535 dixisti
695 1504 788 1535 videri
800 1506 814 1535 ?
837 1504 924 1542 Quid
939 1510 995 1542 est,

107 1548 189 1589 quod
210 1554 326 1579 tantam
343 1548 521 1589 gravitatem
539 1548 799 1589 constantiamque
813 1548 968 1588 perturbet
980 1549 995 1578 ?

107 1601 147 1621 an
161 1591 360 1632 improvisum
371 1591 497 1632 aliquid,
510 1598 563 1622 aut
577 1591 769 1632 repentinum
781 1593 795 1621 ,9
812 1590 886 1631 quid
897 1595 996 1630 potest

107 1634 238 1666 accidere
253 1634 312 1665 tale
328 1634 366 1671 ei,
387 1634 437 1665 cui
451 1634 528 1665 nihil
543 1635 678 1666 subitum
699 1640 753 1672 est,
774 1633 858 1682 quod
877 1633 995 1664 homini

106 1677 225 1708 evenire
250 1676 367 1718 possit?
401 1677 498 1715 Nam,
521 1677 604 1719 quod
629 1677 726 1714 aiunt,
750 1676 846 1707 nimia
871 1676 996 1708 resecari

106 1727 252 1761 oportere,
269 1720 418 1751 naturalia
433 1721 582 1762 relinqui3
600 1720 675 1762 quid
690 1720 812 1751 tandem
825 1724 922 1760 potest
933 1729 998 1750 esse

107 1763 254 1804 naturale,
271 1764 354 1806 quod
365 1763 446 1797 idem
457 1764 590 1797 nimium
604 1774 667 1796 esse
682 1763 775 1806 possit
786 1765 800 1794 ?
823 1763 902 1794 Sunt
914 1761 995 1796 enim
