1226 1935
202 78 246 109 94
345 76 406 108 DE
430 77 629 116 FINIBUS,
654 77 733 109 1118.
743 76 785 108 V.
802 76 884 107 CAP.
898 77 950 106 25.

200 162 347 194 incendiis
370 163 606 202 inflammatum,
626 164 657 194 in
673 163 708 194 115
723 163 872 204 potiendis
887 172 957 203 quae
982 160 1090 191 acen-i-

202 217 253 236 me
268 207 496 247 concupivisset,
514 208 598 237 tanta
619 207 723 237 laetitia
738 206 879 247 perfundi
895 205 1088 241 arbitramur,

205 249 322 290 quanta
341 256 394 279 aut
415 251 598 290 superiorem
611 250 794 280 Africanum
807 248 982 278 Hannibale
998 247 1088 283 victo,

200 298 255 322 aut
269 293 462 333 posteriorem
479 293 661 333 Carthagine
677 293 802 323 eversa?
827 292 930 329 Quem
942 290 1090 320 Tiberina

200 335 347 373 decursio,
365 336 440 366 festo
461 336 512 366 ille
533 336 591 372 die,
615 341 697 366 tanto
718 335 828 375 gaudio
850 334 957 369 affecit,
975 337 1090 373 quanto

200 378 238 407 L.
258 378 402 415 Paulum,
420 389 490 409 cum
514 389 616 419 regem
633 379 744 408 Persen
765 384 889 419 captum
911 376 1085 414 adduceret,

201 421 308 451 eodem
325 421 473 451 flumine
465 432 516 451 mv
519 424 644 452 ectum?

246 465 317 504 Age
328 474 420 501 nunc,
434 465 511 494 Luci
527 471 637 502 noster,
648 470 768 494 exstrue
782 464 884 493 animo
896 461 1089 493 altitudinem

200 487 470 548 excellentiamque
486 507 653 537 virtutum:
676 508 741 546 jam
757 517 817 536 11011
833 506 996 542 dubitabis,
1014 503 1089 544 quin

202 560 307 579 earum
331 560 375 580 coz
376 556 483 590 upotes
502 550 652 587 homines,
673 560 785 589 magno
806 549 908 578 animo
929 554 1087 587 erectoque

201 592 345 630 viventes,
364 603 481 633 semper
496 593 555 622 sint
570 593 670 622 beati·
695 593 748 633 qui
760 602 864 621 omnes
880 597 980 621 motus
992 590 1089 619 fortu-

201 645 260 673 nae,
277 636 520 676 mutationesque
536 646 636 665 rerum
652 642 681 665 et
696 642 880 684 temporum,
896 634 976 664 leves
992 638 1021 663 et
1030 642 1090 661 1m

202 678 324 708 becilles
340 678 402 708 fore
417 678 598 718 intelligant
613 679 637 708 si
652 679 683 708 111
699 678 817 708 virtutis
833 682 983 707 certamen
998 685 1089 705 vene-

200 721 271 750 rint.
298 721 357 750 Illa
373 721 466 757 enim,
484 732 551 761 qua
530 732 552 750 6
568 727 638 751 sunt
653 732 670 751 a
685 721 771 751 nobis
786 722 866 751 bona
886 719 1016 760 corporis
1032 728 1090 747 nu-

200 769 327 811 merata,
345 765 498 804 complent
514 775 548 794 ea
563 764 687 805 quidem
702 763 907 794 beatissimam
918 763 1024 797 vitam,
1037 760 1090 790 sed

200 806 254 844 ita,
272 812 307 836 ut
322 806 385 836 sine
400 807 459 837 inis
475 807 568 847 possit
583 809 670 837 beata
690 807 751 837 vita
767 807 916 837 exsistere.
942 806 991 835 Ita
1006 804 1089 834 enim

200 859 302 889 parvae
318 855 347 879 et
363 850 481 890 exiguae
497 856 567 880 sunt
581 850 646 880 istae
667 850 846 880 accessiones
867 851 1028 884 bonorum,
1042 852 1088 883 ut,

201 892 463 932 quemadmodum
479 893 593 923 stellae'
586 904 617 922 m
639 893 722 923 radio
738 893 818 929 solis,
835 892 876 923 516
897 892 961 922 istae
981 891 1013 921 in
1029 889 1090 920 vir-

199 940 303 964 tutum
319 936 477 976 splendore
492 946 530 966 ne
545 942 706 966 cernantur
720 936 855 977 quidem.

242 978 349 1019 Atque
364 979 420 1008 hoc
436 985 470 1008 ut
485 989 553 1009 vere
568 979 688 1017 dicitur,
701 989 793 1027 parva
809 989 871 1008 esse
894 977 933 1008 ad
943 979 1030 1007 beate
1045 975 1091 1006 vi-

200 1021 335 1051 vendum
360 1028 515 1051 momenta
539 1022 595 1052 ista
620 1022 750 1062 corporis
774 1021 1024 1051 commodorum·
1015 1042 1024 1055 ,
1049 1019 1091 1049 sic

200 1064 292 1093 nimis
307 1064 474 1094 violentum
490 1070 544 1102 est,
562 1065 647 1094 nulla
662 1075 724 1095 6556
740 1065 846 1094 dicere,
871 1063 936 1101 Qui
951 1063 1033 1093 enim
1049 1062 1091 1092 516

203 1106 372 1147 disputant,
395 1108 481 1137 obliti
502 1108 578 1137 mihi
600 1107 750 1145 videntur,
768 1118 837 1148 quae
858 1107 915 1147 ipsi
933 1105 1091 1146 [fecerint]

200 1149 349 1190 principia
364 1156 489 1180 naturae.
514 1150 730 1180 Tribuendum
742 1151 835 1191 igitur
847 1156 890 1180 est
901 1150 948 1179 his
961 1148 1089 1189 aliquid,

200 1192 380 1229 dummodo,
397 1199 548 1233 quantum
564 1193 760 1223 tribuendum
777 1194 825 1231 sit,
842 1193 1002 1232 intelligas.
1032 1191 1091 1220 Est

200 1240 303 1265 tamen
319 1236 501 1277 philosophi,
519 1246 579 1266 non
596 1242 658 1266 tam
674 1237 804 1277 gloriosa
815 1246 909 1276 quam
921 1245 990 1265 vera
1005 1245 1089 1274 quae-

202 1278 305 1315 remis,
323 1289 377 1309 1166
393 1290 447 1319 pro
463 1279 558 1309 nihilo
573 1286 680 1319 putare
697 1290 741 1315 ea,
764 1290 832 1320 quae
851 1278 1019 1309 secundum
1034 1287 1089 1307 na·-

201 1326 302 1350 turam
319 1321 386 1351 illi
379 1322 471 1370 ipsi„
453 1322 573 1351 ‹rloriosi
585 1332 646 1352 6556
662 1322 845 1358 fatebantur,
863 1328 892 1351 et
907 1321 1007 1351 videre
1022 1326 1089 1349 tan-

202 1369 266 1393 tam
283 1364 345 1394 vim
361 1364 491 1401 virtutis,
508 1370 685 1406 tantamque
701 1368 749 1399 (ut
769 1365 811 1395 ita
831 1365 944 1400 dicam)
960 1363 1090 1393 auctori-

202 1411 295 1436 tatem
312 1407 486 1455 honestatis,
504 1414 538 1437 ut
558 1408 674 1448 reliqua
693 1418 754 1437 non
773 1408 827 1437 illa
847 1407 971 1448 quidem
992 1405 1088 1443 nulla,

203 1449 255 1479 sed
270 1450 312 1479 ita
327 1461 420 1498 parva
435 1450 504 1487 sint,
526 1456 561 1480 ut
576 1451 661 1480 nulla
680 1461 741 1481 esse
757 1451 923 1481 xideantur.
949 1449 1025 1478 Ilaec
1046 1454 1091 1478 est

201 1502 256 1522 nec
276 1493 379 1522 omnia
403 1494 568 1533 spernentis
590 1499 698 1534 praeter
719 1494 872 1530 virtutem,
896 1498 924 1522 et
945 1492 1088 1521 virtutem

202 1535 300 1575 ipsam
322 1536 383 1565 suis
404 1536 545 1566 laudibus
567 1536 787 1576 amplificantis,
810 1536 913 1565 oratio.
947 1534 1090 1574 Denique

202 1577 266 1608 haec
281 1584 325 1608 est
340 1579 475 1619 undique
487 1579 636 1619 completa
648 1585 676 1608 et
691 1579 821 1620 perfecta
833 1577 993 1618 explicatio
1005 1587 1089 1607 sum-

203 1621 246 1650 mi
262 1621 343 1651 boni.
368 1622 451 1652 Hinc
461 1622 558 1652 caeteri
568 1621 728 1662 particulas
738 1622 868 1662 arripere
879 1620 989 1658 conati,
1003 1629 1090 1650 suam

203 1664 334 1704 quisque
349 1664 442 1695 videri
458 1665 553 1695 voluit
568 1665 673 1694 afferre
688 1665 876 1695 sententiam.

246 1706 354 1737 XXV.
386 1708 472 1748 Saepo
487 1709 525 1738 ab
541 1707 716 1746 Aristotele,
729 1719 747 1738 a
761 1707 985 1748 Theophrasto,
995 1705 1089 1736 mira-

204 1749 307 1781 biliter
322 1755 368 1782 est
380 1751 503 1781 laudata
523 1761 576 1792 per
596 1761 627 1782 se
646 1750 712 1792 ipsa
730 1761 832 1782 rerum
853 1749 984 1781 scientia.
1020 1748 1090 1780 Hoc
