1226 1935
215 89 278 125 278
344 91 467 122 TUSC.
484 91 656 130 QUAEST.
674 92 753 123 Lm.
768 92 809 122 V.
827 92 909 122 clv.
927 91 978 127 27.

220 176 376 215 cundiam,
389 179 632 209 exercitationem
645 178 955 218 consuetudinemque
964 176 1110 218 patiendi,

220 227 370 261 praecepta
385 221 581 259 fortitudinis,
605 222 749 252 duritiam
774 222 912 256 virilem3
937 220 988 250 sed
1004 220 1066 250 una
1081 230 1112 250 se

221 261 294 292 dicit
310 264 512 295 recordatione
533 265 719 306 acquiescere
739 264 958 305 praeteritarum
975 263 1127 307 volunta--

221 310 308 336 tum·
334 313 379 344 ut,
404 308 428 337 si
444 308 523 349 quis,
547 315 688 344 aestuans,
706 318 775 338 cum
791 307 853 337 vim
869 307 975 337 caloris
990 316 1051 336 non
1067 306 1113 335 fa-

221 347 277 378 cile
292 350 435 390 patiatur,
460 351 607 381 recordari
622 351 704 387 velit,
731 362 760 381 se
776 349 976 391 aliquando,
968 359 999 379 m
1016 349 1112 389 Arpi-

221 391 285 420 nati
306 399 419 431 nostro⁸>
443 394 549 433 gelidis
571 394 748 424 fluminibus
769 393 986 424 circumfusum
1011 392 1112 422 fuisse.

222 433 296 464 Non
309 436 391 466 enim
404 437 501 475 video,
518 448 580 478 quo
595 437 686 467 modo
702 437 803 467 sedare
814 436 929 477 possint
944 435 1026 465 mala
1036 446 1114 475 prae-

219 478 315 508 sentia
330 480 493 536 praeteritae
503 481 682 521 voluptates.

263 522 333 557 Sed,
351 532 421 552 cum
437 522 462 553 is
478 523 567 559 dicat,
585 534 702 564 semper
715 523 839 552 beatum
856 532 917 552 esse
933 521 1111 562 sapientem,

220 563 269 593 cui
290 564 387 595 dicere
408 566 476 603 hoc,
498 566 522 596 si
544 566 601 596 sibi
621 572 754 596 constare
777 566 877 602 vellet,
902 575 962 595 non
986 565 1110 599 ἣρω-οῖς

220 607 368 646 quidnam
389 608 562 638 faciendum
584 615 628 639 est
643 609 700 647 his,
725 608 778 649 qui
799 588 877 638 nihil
897 618 923 637 e
924 607 1112 648 ipctendum,

220 649 297 679 nihil
323 651 354 680 in
380 652 467 681 bonis
494 652 679 688 ducendum,
710 651 792 692 quod
822 651 976 680 honestate
1002 656 1112 687 careat,

221 693 422 725 existimant?
447 695 503 724 Me
519 695 644 736 quidem
660 701 790 730 auctore,
814 694 904 724 etiam
922 693 1114 734 Peripatetici

220 741 393 778 veteresque
408 738 586 768 Academici
602 738 752 768 balbutire
768 737 907 767 desinant
925 736 1111 777 aliquando·
1102 759 1111 772 ‚

219 786 383 826 aperteque
399 786 428 810 et
443 781 478 810 cl¹
472 792 510 811 11·-
506 782 523 811 22
536 792 606 811 voce
619 781 750 811 audeant
761 781 868 817 dicere,
885 781 1006 810 beatam
1018 779 1112 810 vitam

220 820 251 851 in
270 822 440 853 Phalaridis
457 830 578 854 taurum
595 824 815 854 descensuram.

265 865 364 895 XXV
368 867 413 897 II.
439 867 506 897 Sint
527 867 608 897 enim
625 867 682 897 tria
697 877 807 907 genera
820 868 982 902 bonorum,
999 871 1034 895 ut
1047 866 1113 904 jam

221 918 240 937 a
254 908 371 949 laqueis
384 910 555 940 Stoicorum
568 892 715 951 (quibust,
705 920 796 940 usum
808 920 857 940 me
868 909 1006 950 pluribus
1020 919 1113 950 (piam

222 951 314 989 soleo,
326 952 476 993 intelligo)
493 953 676 984 recedamus.
700 953 768 983 sint
784 963 853 983 sane
868 953 921 982 illa
935 963 1044 992 genera
1059 953 1114 981 bo-

219 1003 341 1032 norum,
365 996 441 1026 dum
465 997 596 1037 corporis
621 1002 650 1026 et
674 1002 798 1026 externa
818 997 937 1035 jaceant
960 995 1060 1032 11111111,
1085 1000 1114 1025 et

218 1039 443 1075 tantummodo,
467 1040 540 1080 quia
556 1040 703 1070 sumenda
722 1040 792 1077 sint,
816 1039 1007 1080 appellentur
1021 1040 1112 1068 bona.

220 1081 295 1111 Alia
307 1087 409 1112 autem
426 1082 478 1112 illa
490 1083 593 1113 divina
608 1083 697 1123 longe
711 1083 832 1123 lateque
848 1093 878 1113 se
893 1082 1039 1122 pandant,
1057 1091 1115 1111 εω-

220 1123 349 1165 lumque
366 1126 554 1165 contingant,
579 1132 624 1162 ut,
649 1136 683 1156 ea
698 1126 751 1166 qui
767 1126 893 1166 adeptus
910 1126 958 1163 sit,
975 1135 1028 1154 cur
1044 1135 1115 1154 eum

220 1167 345 1197 beatum
361 1168 464 1205 modo7
482 1175 511 1198 et
527 1179 587 1199 non
608 1169 816 1199 beatissimum
833 1169 935 1205 etiam,
959 1167 1088 1197 dixerim
1100 1169 1115 1198 ?

222 1209 369 1241 Dolorem
382 1222 451 1241 vero
463 1211 581 1252 sapiens
594 1212 768 1242 extimescet
783 1214 796 1242 ?
813 1212 838 1241 is
851 1211 932 1242 enim
943 1211 1015 1241 huic
1027 1221 1115 1240 max-

221 1252 283 1283 ime
306 1255 462 1284 sententiae
485 1261 643 1295 repugnat.
668 1255 752 1285 Nam
775 1260 878 1285 contra
896 1260 1026 1285 mortem
1047 1264 1116 1284 nos-

221 1301 300 1326 tram
324 1304 415 1338 atquc
440 1304 622 1335 nostrorum,
649 1303 813 1338 contraque
836 1297 1059 1338 aegritudinem,
1086 1302 1115 1327 et

224 1340 355 1381 reliquas
371 1341 465 1370 animi
482 1341 733 1381 perturbationes,
751 1342 821 1371 satis
837 1352 898 1372 esse
914 1341 1052 1371 videmur
1067 1350 1117 1370 su-

221 1383 375 1423 periorum
400 1384 518 1413 dierum
544 1384 798 1425 disputationibus
820 1384 929 1414 armati
953 1390 982 1414 et
1005 1383 1113 1424 parati.

222 1425 320 1456 Dolor
335 1437 397 1457 esse
412 1427 532 1457 videtur
547 1428 711 1458 acerrimus
727 1427 831 1457 virtuti
847 1427 1042 1457 adversarius.
1082 1427 1114 1456 Is

220 1468 358 1499 ardentes
378 1470 456 1500 faces
474 1470 622 1500 intentat:
648 1471 672 1500 15
688 1470 910 1508 fortitudinem,
927 1469 1114 1510 magnitudi-

222 1521 294 1542 nem
310 1513 416 1550 animi,
440 1513 630 1554 patientiam,
647 1524 677 1543 sc
695 1513 956 1554 [debilitaturum]
970 1513 1114 1543 minatur.

224 1555 309 1585 Huic
329 1556 422 1595 igitur
443 1558 620 1587 succumbet
641 1556 760 1586 virtus?
785 1556 856 1586 huic
870 1558 959 1587 beata
973 1555 1116 1596 sapientis

222 1604 252 1628 et
274 1599 436 1629 constantis
460 1599 516 1629 viri
543 1599 604 1629 vita
627 1599 735 1630 cedet?
759 1600 864 1637 Quam
885 1599 994 1640 turpe!
1019 1609 1037 1629 o
1060 1598 1116 1628 Dii

222 1641 315 1671 boni!
342 1642 434 1672 Pueri
456 1643 615 1683 Spartiatae
636 1653 697 1672 non
718 1642 932 1683 ingemiscunt,
956 1643 1116 1672 verberum

221 1684 324 1714 dolore
347 1685 462 1715 laniati.
494 1685 746 1716 Adolescentium
767 1696 872 1726 greges
897 1685 1116 1716 Laccdaemone

221 1727 354 1758 vidimus
369 1728 438 1769 ipsi,
451 1729 621 1759 incredibili
632 1729 823 1759 contentione
834 1734 980 1759 certantes
992 1727 1115 1769 pugnis,

220 1770 363 1810 calcibus,
387 1772 556 1812 unguibus,
577 1782 680 1802 morsu
696 1771 838 1812 denique,
855 1777 890 1802 ut
905 1771 1114 1802 exanimaren-
