1226 1935
186 60 229 90 44
314 60 377 92 DE
401 61 600 102 FINIBUS,
624 63 704 94 Lm.
722 63 782 96 IV.
806 65 890 97 CAP.
907 66 954 97 13.

179 146 252 186 ipsis
267 147 537 188 obscurationibus,
553 159 633 190 quae,
655 156 777 192 propter
794 151 1003 193 exiguitatem,
1021 155 1071 186 vix

177 195 232 219 aut
247 199 285 220 ne
300 190 350 220 vix
366 191 490 231 quidem
506 199 680 233 appareant.

220 232 317 270 Quid,
334 233 372 264 de
387 245 448 274 quo
462 235 548 265 nulla
560 235 703 266 dissensio
715 239 781 267 est?
805 237 907 268 Nemo
918 238 1000 268 enim
1013 245 1067 278 est,

174 275 229 315 qui
252 276 337 306 aliter
360 277 481 314 dixerit,
506 278 581 318 quin
606 280 744 309 omnium
767 286 945 310 naturarum
970 282 1069 313 simile

175 325 251 348 esset
271 319 314 355 id,
337 320 375 349 ad
395 320 478 360 quod
498 322 602 351 onmia
621 322 812 359 referuntur3
837 323 919 364 quod
935 330 978 354 est
997 325 1068 355 ulti-

175 370 263 391 mum
275 373 376 393 rerum
392 364 640 403 appetendarum.
669 365 781 396 Omnis
796 366 877 396 enim
897 373 939 397 est
960 374 1069 398 natura

172 403 302 444 diligens
319 406 384 435 sui:
408 417 477 446 quae
492 413 536 437 est
551 408 644 445 enim,
661 419 730 448 quae
745 419 775 438 se
788 419 925 449 unquam
938 410 1065 448 deserat,

172 453 225 477 aut
240 454 358 488 partem
375 449 509 489 aliquam
526 450 584 488 sui,
601 456 654 480 aut
669 452 733 490 ejus
748 451 841 492 partis
856 452 996 482 habitum
1012 459 1066 483 aut

170 490 245 528 vim,
262 497 315 521 aut
331 491 422 521 ullius
438 503 542 522 earum
561 504 674 531 rerum,
696 505 765 534 quae
787 495 953 525 secundum
974 502 1065 525 natu-

170 543 235 562 ram
252 534 322 571 sint,
339 541 393 564 aut
408 542 526 565 motum
542 542 595 566 aut
614 539 752 567 statum?
785 538 865 574 Quae
886 544 989 568 autem
1010 549 1064 569 na-

170 581 238 606 tura
254 588 316 607 suae
331 578 438 617 primae
453 578 649 609 institutionis
664 579 758 609 oblita
773 582 842 610 est?
875 581 974 611 Nulla
992 592 1064 622 pro-

168 618 257 657 fecto,
275 620 349 660 quin
365 631 451 650 suam
468 621 530 651 vim
546 622 671 652 retineat
686 633 704 651 a
718 622 817 662 primo
829 623 867 653 ad
879 629 1061 654 extremum.

211 663 375 699 Quomodo
401 664 494 703 igitur
518 665 628 701 evenit,
655 670 690 694 ut
712 665 844 695 hominis
868 672 977 696 natura
999 668 1063 698 sola

166 711 253 743 esset,
271 717 340 746 quae
360 706 517 737 hominem
537 708 730 748 relinqueret,
748 719 817 749 quae
837 709 1062 740 oblivisceretur

165 748 308 788 corporis,
325 760 394 789 quae
410 760 566 780 summum
583 752 698 781 bonum
720 761 780 781 non
798 751 831 781 in
847 757 909 782 toto
924 752 1059 792 homine,

163 791 214 820 sed
236 791 268 821 in
289 798 373 831 parte
393 793 535 831 hominis,
557 796 706 834 poneret?
738 794 811 832 Quo
831 795 922 825 modo
943 801 1058 834 autem,

164 834 246 874 quod
272 835 330 875 ipsi
353 835 443 865 etiam
467 836 611 875 fatentur,
640 843 815 877 constatque
841 837 919 867 inter
940 848 1057 877 omnes,

163 879 398 915 conservabitur,
423 885 458 909 ut
477 880 576 910 simile
598 880 636 910 sit
657 881 797 910 omnium
820 881 957 910 naturale
981 882 1058 911 iliud

165 920 320 959 ultimum,
337 921 375 951 de
389 932 451 962 quo
466 923 611 963 quaeritur
622 925 636 953 ?
660 923 745 952 Tum
762 922 843 953 enim
859 929 934 953 esset
946 924 1056 962 simile,

163 963 188 992 si
203 963 235 992 in
252 964 364 994 caeteris
379 976 501 1006 quoque
516 966 631 996 naturis
646 966 677 996 id
690 966 799 1006 cuique
811 972 886 996 esset
898 966 1056 1005 ultimum,

162 1006 246 1046 quod
269 1006 300 1037 in
324 1007 446 1048 quaque
469 1010 647 1046 excelleret3
675 1009 735 1040 tale
757 1009 838 1040 enim
862 1009 961 1040 visum
981 1016 1057 1041 esset

163 1049 309 1080 ultimum
325 1051 506 1081 stoicorum.

204 1092 291 1129 Quid
316 1093 436 1124 dubitas
462 1095 556 1135 igitur
584 1100 703 1125 mutare
732 1094 881 1136 principia
909 1100 1026 1126 naturae
1039 1098 1055 1127 ,⁹

161 1134 247 1172 Quid
263 1136 344 1166 enim
360 1137 444 1173 dicis,
466 1148 557 1168 omne
577 1138 703 1175 animal,
725 1139 817 1168 simul
837 1146 929 1179 atque
949 1138 987 1168 sit
1006 1149 1055 1169 or-

161 1184 240 1216 tum,
262 1180 448 1219 applicatum
470 1191 532 1211 esse
547 1181 585 1210 ad
605 1192 635 1211 se
655 1181 857 1221 diligendum⁷
879 1192 1001 1222 esseque
1022 1182 1053 1212 in

158 1232 190 1251 se
210 1223 412 1252 conservando
432 1226 639 1264 occupatum?
671 1224 757 1262 Quin
778 1224 878 1264 potius
902 1224 945 1254 ita
966 1224 1052 1263 dieis,

157 1274 248 1294 omne
266 1265 380 1295 animal
401 1267 587 1306 applicatum
608 1278 670 1297 esse
691 1267 729 1297 ad
749 1267 780 1297 id
801 1267 883 1308 quod
904 1267 935 1297 in
957 1278 992 1297 eo
1014 1268 1053 1297 sit

157 1307 321 1347 optimum,
339 1315 368 1338 et
384 1309 414 1338 in
431 1311 495 1348 ejus
511 1310 601 1340 unius
617 1315 798 1350 occupatum
814 1321 876 1340 esse
894 1310 1051 1347 custodita

157 1350 349 1391 reliquasque
364 1358 486 1382 naturas
502 1353 577 1382 nihil
593 1352 676 1382 aliud
691 1364 790 1392 agere,
812 1353 870 1383 nisi
886 1359 919 1383 ut
934 1353 965 1383 id
980 1364 1052 1388 eon-

155 1400 283 1429 servent,
301 1395 383 1434 quod
404 1395 435 1424 in
456 1395 578 1436 quaque
599 1396 750 1436 optimum
770 1396 832 1426 sit?
866 1397 938 1433 Quo
958 1396 1050 1426 modo

155 1442 258 1466 autem
273 1437 436 1477 optimum,
453 1438 477 1467 si
494 1440 608 1468 bonum
624 1445 767 1478 praeterea
782 1439 902 1468 nullum
919 1441 987 1469 est?
1015 1440 1048 1469 Si

153 1486 256 1509 autem
272 1481 388 1521 reliqua
400 1481 568 1521 appetenda
579 1487 661 1517 sunt,
675 1492 738 1519 cur,
752 1481 834 1521 quod
846 1487 890 1511 est
901 1482 1047 1512 ultimum

155 1533 256 1553 rerum
271 1523 521 1563 appetendarum,
538 1524 569 1553 id
582 1535 641 1554 non
655 1531 707 1554 aut
722 1535 759 1554 ex
775 1524 913 1554 omnium
929 1535 1045 1563 earum,

154 1571 207 1595 aut
223 1576 259 1595 ex
281 1567 483 1605 plurimarum
502 1572 531 1596 et
546 1568 762 1605 maximarum,
780 1568 962 1608 appetitione
977 1578 1049 1598 con-

153 1609 310 1639 cluditur?
343 1610 387 1639 Ut
411 1610 534 1639 Phidias
554 1616 651 1650 potest
671 1622 688 1640 a
703 1610 801 1650 primo
816 1610 971 1640 instituere
986 1611 1046 1651 sig-

151 1662 237 1689 num,
254 1652 345 1693 idque
361 1653 517 1692 μνῆσαι-ος
538 1659 634 1693 potest
649 1656 686 1683 ab
702 1653 761 1683 alio
776 1654 950 1683 inchoatum
969 1654 1045 1684 acci-

152 1705 233 1735 pere,
255 1702 284 1726 et
305 1697 465 1728 absolvere.
502 1696 587 1728 nuic
607 1703 651 1728 cst
671 1696 816 1737 sapientia
838 1697 963 1728 similis:
981 1707 1042 1728 non
