1180 1935
155 48 215 80 DE
238 50 345 81 NAT.
370 49 505 82 DEOR.
530 51 608 83 Lm.
629 52 693 84 ΙΙΙ.
716 54 799 84 (tm.
816 55 863 84 12.
887 56 949 86 409

67 142 178 167 santur.
217 136 301 174 Quid
324 137 405 167 enim
431 138 469 167 sit
494 138 614 175 melius,
634 139 709 180 quid
735 140 947 180 praestabilius‚

66 180 139 221 quid
159 181 235 210 inter
256 186 394 210 naturam
416 186 444 210 et
459 181 605 211 rationem
621 182 747 220 intersit,
765 193 824 212 non
840 183 948 214 distin-

65 223 175 263 guitur.
200 222 359 263 Idemque,
371 223 394 252 si
408 223 467 253 Dei
483 233 541 253 non
555 224 625 261 sint,
639 231 728 264 negat
744 236 806 255 esse
821 226 851 256 in
864 226 948 256 omni

65 266 171 296 natura
186 266 353 306 quidquam
370 266 491 296 homine
507 267 624 296 melius.
658 268 696 297 Id
717 274 819 298 autem
840 275 948 309 putare

65 318 247 349 quemquam
278 309 445 346 hominem,
477 309 553 339 nihil
582 309 705 340 homine
734 321 796 340 esse
824 312 946 350 melius,

64 362 189 381 summae
204 352 381 392 arrogantiae
396 358 495 382 censet
510 362 580 382 esse.
620 353 665 382 Sit
681 363 751 383 sane
767 355 945 393 arrogantis,

62 394 156 434 pluris
171 405 200 425 se
214 400 320 435 putare
334 405 427 435 quam
442 395 604 424 mundum.
628 395 674 425 At
686 395 763 425 illud
779 406 805 425 11¹
820 406 838 425 n
855 397 946 428 modo

63 447 123 467 non
146 438 318 478 arrogantis,
339 437 390 467 sed
413 438 513 478 potius
532 438 700 478 prudentis,
717 438 894 478 intelligere,
914 451 945 470 se

63 480 170 510 habere
185 491 304 511 sensum
320 486 348 510 et
363 481 509 511 rationem
524 492 533 516 ;
557 481 621 511 ha‘c
636 481 741 511 eadem
758 482 904 513 Orionem
915 489 946 513 et

64 523 237 554 Caniculam
253 534 312 553 non
328 524 447 553 habere.
472 524 524 559 Et,
543 526 565 541 ‘⁶
582 524 613 554 Si
629 524 737 554 domus
752 524 879 565 pulchra
893 526 942 563 sit,

62 566 262 606 intelligamus
291 576 358 596 eam
387 566 552 603 dominis‚''
586 567 697 607 inquit,
726 570 748 584 “
766 567 943 598 aed'rficatam

62 619 131 646 esse,
148 619 205 639 non
221 610 368 639 muribus.
393 610 442 640 Sic
456 609 548 650 igitur
563 610 714 639 mundum
736 609 873 641 Deorum
889 611 942 641 do-

61 662 146 682 mum
167 652 334 683 existimare
356 652 533 683 debemus.”
571 653 621 683 Ita
643 663 763 693 prorsus
788 654 942 685 existima-

59 706 134 731 rem,
151 696 172 725 si
187 696 276 725 illum
292 695 484 731 aedificatum,
509 705 569 725 non
592 696 866 736 (quemadmodum
886 697 941 728 do-

62 740 145 774 cebo)
161 749 175 768 a
189 739 298 768 natura
313 739 547 775 conformatum,
563 745 712 779 putarem.

103 781 162 811 XI.
193 782 239 811 At
260 782 341 811 enim
361 782 469 822 quaerit
485 781 566 821 apud
582 782 817 822 Xenophontem
833 784 940 814 Socra-

60 830 114 862 tes,
131 824 205 854 unde
220 824 358 854 animum
373 825 599 865 arripuerimus,
624 825 648 854 si
672 825 774 855 nullus
795 825 887 856 fuerit
907 827 938 857 in

60 868 179 898 mundo.
217 867 259 897 Et
282 878 336 907 ego
355 877 467 908 quaero,
484 867 566 897 unde
586 868 762 903 orationem,
780 869 860 903 unde
880 879 940 899 nu-

60 921 166 947 meros,
182 910 261 941 unde
276 917 400 941 cantus:
425 910 482 940 nisi
494 921 561 940 vero
571 910 655 951 loqui
672 911 765 940 solem
781 921 851 941 cum
864 912 938 942 luna⁴

60 960 208 995 putamus,
220 964 290 984 cum
305 954 428 994 propius
449 953 611 989 accesserit,
625 959 677 984 aut
693 953 730 982 ad
746 954 936 985 harmoniam

59 1007 161 1027 canere
175 996 335 1034 mundum,
352 1002 386 1026 ut
402 996 589 1037 Pythagoras
610 996 771 1026 existimat.
807 997 937 1028 Naturae

57 1039 114 1070 ista
128 1046 203 1077 sunt.
217 1040 324 1075 Balbe,
341 1046 467 1075 natium,
487 1049 547 1069 non
565 1039 721 1069 artificiose
739 1040 937 1079 ambulantis,

57 1089 91 1113 ut
106 1083 146 1113 ait
157 1083 245 1119 Zeno,
259 1083 354 1123 (quod
369 1082 492 1122 quidem
508 1082 598 1122 quale
613 1082 661 1116 sit.
670 1083 735 1120 jam
751 1082 935 1120 videbimus)

56 1126 107 1156 sed
122 1126 219 1156 omnia
233 1125 335 1156 mentis
350 1132 379 1156 et
399 1124 538 1165 agitantis
560 1125 693 1155 motibus
713 1131 743 1155 et
760 1126 936 1156 mutationi-

56 1170 113 1199 bus
128 1170 194 1199 suis.

99 1213 204 1253 Itaque
228 1212 280 1242 illa
303 1211 379 1242 mihi
400 1212 537 1252 placebat
558 1211 652 1242 oratio
671 1211 708 1241 de
726 1212 934 1243 convenientia

55 1265 256 1296 consensuque
280 1262 404 1290 naturae,
430 1265 523 1295 quam
549 1255 636 1295 quasi
662 1255 839 1295 cognatione
862 1265 933 1286 con-

53 1299 200 1329 tinuatam
225 1299 389 1339 conspirare
408 1297 534 1328 dicebas.
569 1298 652 1327 Illud
671 1308 730 1328 non
752 1299 931 1338 probabam,

54 1342 135 1382 quod
150 1343 276 1382 negabas
291 1342 322 1371 id
336 1340 464 1370 accidere
479 1342 620 1381 potuisse,
637 1341 694 1370 nisi
715 1351 750 1370 ea
772 1351 833 1371 uno
856 1341 933 1371 divi-

54 1393 94 1414 no
109 1385 213 1425 spiritu
237 1385 441 1416 contineretur.
468 1384 526 1413 Illa
546 1394 615 1414 vero
631 1384 758 1414 cohaeret
770 1390 799 1413 et
813 1394 933 1424 perma-

54 1433 105 1457 net
120 1434 234 1458 naturae
254 1428 371 1463 viribus,
388 1435 449 1456 non
465 1426 623 1457 Deorum:
648 1433 752 1467 estque
766 1426 797 1456 in
820 1426 854 1456 ea
877 1427 933 1457 iste

53 1471 140 1510 quasi
165 1479 326 1506 consensus,
351 1479 445 1510 quam
468 1472 646 1507 Συμπαὲειαν
675 1469 773 1499 Graeci
800 1475 929 1500 vocant:

52 1513 104 1543 sed
114 1524 158 1551 ea,
173 1524 233 1555 quo
245 1512 290 1544 sva
306 1518 411 1553 sponte
422 1513 520 1551 major
531 1518 585 1551 est,
599 1523 633 1543 eo
648 1512 750 1542 minus
765 1512 868 1543 divina
883 1523 932 1543 ra-

52 1556 132 1586 tione
148 1557 211 1587 fieri
226 1554 417 1587 eiisdmanda
432 1561 484 1586 est.

94 1599 176 1629 XII.
201 1600 250 1630 1111
265 1603 378 1635 autem,
395 1609 464 1639 quae
477 1598 646 1628 Carneades
656 1598 809 1635 afferebat,
821 1609 929 1639 quem-

50 1641 218 1673 admodum
229 1641 407 1672 fissolvitis?
431 1642 463 1672 Si
484 1642 606 1671 nullum
629 1651 736 1682 corpus
759 1641 932 1672 immortale

50 1685 99 1723 sit,
112 1686 222 1716 nullun
237 1694 299 1714 esse
314 1694 422 1725 corpus
437 1684 655 1725 sempiternum
669 1696 678 1714 z
703 1694 810 1726 corpus
825 1689 927 1714 autem

50 1729 214 1759 immortalc
239 1727 361 1757 nullum
396 1738 469 1766 esse,
494 1737 532 1760 ne
561 1727 755 1760 individuum
789 1727 926 1770 quidem,

92 1773 231 1811 (Philo.)
248 1779 332 1803 vor.
349 1779 407 1803 111.
610 1772 629 1802 2
644 1779 668 1804 N

0 1904 1180 1935 —
