1226 1935
212 76 272 113 178
328 77 449 109 TUSC.
468 76 639 116 QUAEST.
657 78 734 110 11113.
750 79 795 110 II.
820 80 903 112 CAP.
920 81 971 111 26.

208 172 269 193 non
291 174 369 204 saepe
383 163 542 204 prodeunt.
574 164 603 195 Ε
620 165 730 206 quibus
744 166 836 197 homo
851 177 922 197 sane
936 166 1010 197 levis
1026 165 1092 197 He-

207 206 349 237 racleotes
369 207 545 248 Dionysius,
570 218 639 238 cum
656 219 674 239 a
689 209 810 239 Zenone
830 210 914 240 fortis
934 219 996 240 esse
1015 209 1093 239 didi-

207 249 305 288 cisset,
328 260 347 280 a
361 250 462 280 dolore
477 250 621 282 deductus
637 257 688 282 est.
721 252 817 291 Nam,
834 263 903 282 eum
919 263 956 282 ex
972 252 1094 282 renibus

206 291 367 331 laboraret,
390 293 455 334 ipso
475 293 506 323 in
527 294 639 333 ejulatu
656 295 839 331 clamitabat,
856 295 932 325 falsa
952 306 1013 326 esse
1027 295 1091 333 illa,

207 343 277 375 quae
303 341 391 366 antea
417 336 454 366 de
479 336 579 367 dolore
604 337 667 378 ipse
696 339 840 368 sensisset.
888 340 991 376 Quem
1022 348 1092 368 cum

207 377 369 409 Cleanthes
390 379 610 420 condiscipulus
631 387 758 420 rogaret,
775 391 915 422 quasnam
931 381 1006 411 ratio
1022 391 1093 410 eum

207 420 246 450 de
260 422 407 452 sententia&
426 422 608 461 deduxisset,
630 424 792 464 respondit,
817 424 911 462 Quia,
935 434 1005 454 cum
1026 430 1093 453 tan-

206 468 275 494 tum
301 475 399 505 operae
423 466 620 506 philosophiae
645 466 803 505 dedissem,
830 467 964 497 dolorem
991 473 1093 497 tamen

206 506 284 537 ferre
298 517 359 538 non
374 518 503 548 possem,
525 508 595 538 satis
611 515 686 539 esset
700 510 882 549 argumenti,
898 510 1016 539 malum
1032 520 1094 540 esse

206 549 340 580 dolorem
352 562 360 581 z
384 551 531 591 plurimos
546 557 648 581 autem
664 562 757 582 annos
771 553 803 581 in
817 552 1008 592 philosophia
1023 562 1093 582 con-

207 593 313 632 sumsi,
337 603 391 624 nec
414 594 491 624 ferre
514 604 656 634 possum:
681 595 799 625 malum
823 600 867 625 est
885 595 977 635 igitur
997 595 1091 624 dolor.

207 635 293 665 Tum
309 636 500 674 Cleanthem,
517 647 586 667 cum
598 637 674 678 pede
688 643 799 668 terram
813 637 1014 678 percussisset,
1028 648 1093 667 ver-

207 688 276 708 sum
291 689 328 709 ex
344 679 493 720 Epigonis
507 679 608 710 ferunt
622 680 743 718 dixisse,

251 740 274 756 ‘⁶
286 738 426 769 Audisne
441 739 516 777 haec,
532 739 733 779 Amphiara'e',
750 740 806 770 sub
821 745 931 770 terram
944 739 1044 770 abdite
1055 739 1092 770 ?''

207 807 362 839 Zenonem
384 808 582 849 significabat,
607 819 625 839 a
649 819 710 850 quo
731 809 820 839 illum
840 809 1019 850 degenerare
1039 809 1093 840 do-

207 852 298 882 lebat.

247 895 295 926 At
320 905 381 925 non
405 900 504 925 noster
528 894 728 931 Posidonius3
754 905 845 936 quern
872 901 902 925 et
925 895 988 936 ipse
1015 906 1093 936 saepe

205 937 288 974 vidi3
313 944 342 968 et
362 938 393 968 id
413 938 522 976 dicam,
539 937 620 978 quod
641 938 754 968 solebat
768 948 888 968 narrare
904 938 1068 979 Pompeius
1081 950 1091 968 :

205 991 247 1019 se,
271 991 341 1011 cum
358 981 503 1011 Rhodum
519 981 646 1011 venisset
661 980 805 1011 decedens
820 991 857 1010 ex
872 981 971 1021 Syriai,
988 981 1093 1011 audixe

204 1024 334 1054 voluisse
349 1024 566 1054 Posidonium:
584 1023 646 1060 sed,
663 1034 733 1053 eum
749 1024 919 1060 audivisset,
937 1034 1007 1054 eum
1023 1034 1092 1064 gra-

202 1067 279 1098 viter
297 1077 358 1098 esse
374 1077 500 1107 aegrum,
523 1066 605 1107 quod
621 1067 812 1096 vehementer
827 1067 891 1105 ejus
907 1073 988 1097 artus
1004 1067 1090 1097 labo-

202 1116 314 1148 rarent,
347 1109 475 1140 voluisse
501 1115 602 1139 tamen
628 1109 850 1139 nobilissimum
876 1109 1092 1150 philosophum

202 1153 316 1184 visere:
341 1163 432 1193 quem
448 1159 483 1182 ut
498 1152 628 1189 vidisset,
650 1158 679 1182 et
694 1152 891 1189 salutavisset,
908 1151 1093 1182 honorificis.

203 1207 264 1237 que
284 1196 381 1227 verbis
404 1201 578 1236 prosecutus
603 1200 688 1232 esset,
713 1195 898 1235 molesteque
917 1205 948 1224 se
968 1194 1092 1225 dixisset

202 1240 290 1277 ferre,
307 1239 389 1280 quod
405 1248 476 1268 eum
491 1248 550 1267 non
567 1244 665 1278 posset
679 1237 803 1273 audire3
821 1238 924 1275 atille,
941 1237 971 1267 Τ
973 1248 993 1267 u
1010 1248 1092 1275 vero,

202 1282 314 1323 inquit,
331 1287 434 1323 potes:
458 1291 513 1311 nec
533 1280 732 1318 committam,
749 1286 784 1310 ut
799 1280 883 1310 dolor
898 1280 1027 1322 corporis
1048 1281 1092 1310 ef-

203 1326 295 1364 ficiat,
320 1331 354 1355 ut
373 1324 485 1354 frustra
505 1330 605 1354 tantus
629 1323 674 1353 vir
694 1323 732 1353 ad
752 1333 803 1353 me
825 1323 947 1353 venerit.
981 1323 1091 1364 Itaque

202 1370 356 1405 narrabat,
373 1378 443 1398 eum
464 1367 594 1406 graviter
609 1372 638 1396 et
653 1366 770 1407 copiose
784 1366 821 1396 de
835 1366 892 1396 hoc
907 1366 982 1406 iPSO,
1001 1366 1089 1396 Nihil

203 1422 266 1444 esse
291 1413 418 1449 bonum,
446 1410 504 1440 nisi
529 1409 611 1450 quod
635 1409 795 1439 honestum
819 1415 904 1446 esset,
927 1410 1089 1439 cubantem

201 1454 418 1496 disputavisse:
444 1463 574 1493 cumque
597 1452 683 1493 quasi
706 1452 783 1482 faces
804 1451 831 1481 ei
855 1451 1089 1482 dolorisadmo-

201 1503 352 1534 verentur,
369 1506 447 1536 saepe
467 1496 589 1533 dixisse,
614 1498 636 1513 “
650 1495 739 1525 Nihil
758 1494 833 1535 agis,
855 1494 957 1524 dolor:
982 1505 1090 1534 quam-

201 1543 246 1573 vis
269 1541 308 1571 sis
333 1540 487 1575 molestus,
515 1548 674 1579 nunquam
698 1544 726 1568 te
751 1548 813 1568 esse
838 1537 1000 1567 confitebor
1022 1547 1088 1568 ma-

201 1585 301 1615 lum.'’

242 1626 440 1666 Omninoque
454 1634 558 1654 omnes
573 1624 645 1654 clari
661 1628 689 1653 et
709 1623 858 1654 nobilitati
878 1623 994 1654 labores
1015 1633 1085 1653 con-

196 1669 360 1703 temnendo
376 1668 453 1697 fiunt
469 1667 558 1697 etiam
575 1667 752 1697 tolerabiles.

238 1712 366 1745 XXVI.
379 1711 577 1746 Videmusne,
594 1716 628 1739 ut
643 1709 724 1750 apud
740 1709 896 1749 magistros
912 1718 1016 1739 eorum
1032 1709 1081 1738 lu-

192 1759 312 1795 dorum,
329 1755 382 1796 qui
398 1753 541 1794 Gymnici
557 1753 762 1790 nominantur,
779 1762 908 1793 magnus
923 1753 1017 1782 honos
1027 1752 1074 1787 sit,
