1226 1935
249 91 314 121 alc
365 91 426 123 DE
444 92 553 123 NAT.
571 93 709 126 DEOR.
734 93 814 125 Lm.
832 94 859 125 Ι.
879 94 962 126 ΟΑΡ.
980 96 1032 125 24.

247 188 369 218 poenam
400 189 438 209 ne
473 179 622 211 dubitatio
658 180 783 221 quidem
815 180 947 221 effugere
983 180 1138 229 potuisset.

247 221 334 257 Quid
357 221 397 251 de
422 223 582 263 sacrilegis,
600 224 675 264 quid
697 224 761 255 de
753 224 867 265 nnpiis,
884 224 1074 265 perjurisque
1095 224 1141 253 di-

249 274 372 295 cemus.
365 266 378 286 ⁹

294 348 415 356 .........
435 328 457 343 “
474 325 620 356 Tubulus
636 326 659 356 si
677 325 792 356 Lucius
808 336 960 366 unquam,

293 368 326 398 Si
343 368 463 409 Lupus,
481 374 534 398 aut
546 369 658 407 Carbo,
672 375 725 399 aut
741 369 881 409 Neptuni
891 368 1006 407 filius,'’

250 439 299 471 (ut
321 438 363 468 ait
388 439 540 477 Lucilius)
564 439 698 480 putasset
720 450 781 469 esse
802 439 895 476 Deos,
917 445 981 469 tam
1002 439 1142 479 perjurus

250 487 303 510 aut
320 488 382 511 tam
398 483 538 523 impurus
553 483 659 513 fuisset
672 485 686 513 ?
710 483 742 512 N
745 492 783 512 on
800 488 844 512 est
855 482 947 522 igitur
962 488 1025 511 tam
1038 482 1144 521 explo⁴

249 530 314 553 rata
335 525 392 554 ista
415 526 492 555 ratio
518 525 556 555 ad
582 526 624 563 id,
650 525 731 566 quod
758 525 860 563 vultis,
886 524 1141 561 confirmandum,

249 577 343 607 quam
365 567 492 598 videtur.
528 568 600 606 Sed,
626 569 699 609 quia
722 578 884 598 commune
908 574 951 597 est
973 567 1030 597 hoc
1053 578 1144 607 argu-

247 616 387 640 mentum
418 611 548 641 aliorum
579 612 671 642 etiam
701 611 964 652 philosophorum,
998 610 1139 640 omittam

248 652 305 682 hoc
322 659 476 694 tempore:
501 654 540 684 ad
556 660 654 684 vestra
668 654 790 694 propria
805 654 906 684 venire
921 653 1012 683 malo.

293 696 432 726 Concedo
459 707 520 727 esse
542 697 646 727 Deos:
671 697 743 727 doce
766 707 815 726 me
838 697 942 737 igitur,
966 695 1048 725 unde
1070 695 1141 733 sint,

248 738 303 768 ubi
315 739 386 775 sint,
400 740 503 780 quales
520 740 579 770 sint
591 751 723 780 corpore,
741 740 855 777 animo,
872 740 943 769 vita.
969 739 1046 769 Haec
1062 739 1144 769 enim

251 781 325 812 scire
341 782 485 812 desidero.
520 783 667 813 Abuteris
683 783 721 813 ad
736 783 839 812 onmia
855 788 1026 812 atomorum
1049 792 1143 822 regno

248 830 278 854 et
292 825 425 863 licentia,
444 826 538 865 (hinc,
556 826 771 867 quodcumque
786 826 817 855 in
834 826 932 855 solum
949 825 1041 862 venit,
1054 831 1089 854 ut
1099 825 1145 854 dj-

250 867 339 905 citur,
357 868 474 909 effingis
490 876 581 910 atque
597 869 701 905 efficis)
715 880 784 909 quae
798 869 934 909 primum
945 868 1038 897 nullae
1050 874 1121 898 sunt
1133 879 1142 897 ε

251 911 329 940 nihil
345 918 389 941 est
408 912 501 948 enim,
519 912 602 952 quod
623 919 707 942 vacet
728 922 871 952 corpore:
897 910 1070 951 corporibus
1090 921 1145 940 au-

250 959 313 983 tem
330 955 428 984 omnis
445 955 598 985 obsidetur
613 955 718 985 locus:
742 955 785 985 ita
807 954 930 985 nullum
951 954 1051 993 inane,
1068 953 1146 983 nihil

251 1006 313 1027 esse
329 997 522 1027 individuum
538 1004 644 1038 potest.

293 1039 423 1073 XXIV.
458 1041 534 1071 Haec
554 1052 609 1081 ego
628 1051 710 1071 nunc
724 1040 918 1082 physicorum
934 1040 1056 1070 oracula
1070 1038 1145 1069 fun-

250 1082 309 1112 do:
334 1094 414 1120 vera,
432 1093 470 1113 an
487 1084 574 1122 falsa,
588 1084 709 1120 nescio3
735 1084 785 1114 sed
798 1084 859 1114 veri
872 1090 973 1113 tamen
987 1083 1143 1121 similiora,

250 1136 344 1166 quam
375 1131 480 1156 vestra.
528 1127 592 1157 Ista
618 1127 699 1157 enini
727 1127 842 1167 flagitia
872 1126 1054 1164 Democriti,
1082 1126 1145 1156 sive

249 1169 340 1198 etiam
361 1175 431 1199 ante
453 1169 615 1210 Leucippi,
638 1181 700 1199 esse
722 1169 900 1210 corpuscula
926 1169 1068 1210 quaedam
1091 1169 1145 1199 lae-

250 1211 309 1248 via,
327 1212 386 1241 alia
406 1223 521 1252 aspera,
548 1213 677 1242 rotunda
700 1213 769 1249 alia,
791 1212 903 1253 partim
925 1218 1027 1242 autem
1049 1221 1146 1252 angu-

248 1254 321 1293 lata,
338 1261 461 1285 curvata
476 1255 629 1296 quaedam,
647 1261 676 1285 et
691 1255 778 1296 quasi
800 1255 941 1291 adunca-3
966 1265 1004 1285 ex
1027 1255 1074 1284 his
1099 1254 1144 1285 ef-

250 1297 363 1327 fectum
380 1309 441 1328 esse
457 1299 565 1328 coelum
582 1304 674 1339 atque
696 1305 818 1335 terram,
840 1298 928 1328 null&
946 1303 1070 1338 cogente
1090 1308 1145 1327 na-

251 1341 331 1379 tura,
348 1341 399 1371 sed
415 1351 561 1372 concursu
579 1342 712 1382 quodam
729 1341 864 1371 fortuito.
890 1341 980 1371 Hanc
996 1347 1029 1371 tu
1046 1341 1145 1381 opini-

250 1393 352 1421 onem,
370 1384 405 1414 C.
424 1385 535 1422 Vellei,
553 1395 650 1425 usque
665 1385 703 1414 ad
718 1385 797 1414 hanc
813 1390 935 1414 aetatem
951 1384 1119 1424 perduxisti
1132 1395 1142 1419 ;

251 1426 397 1468 priusque
413 1432 441 1457 te
457 1427 525 1467 quis
546 1428 584 1457 de
604 1428 689 1458 omni
711 1428 780 1457 vitae
800 1433 892 1463 statu,
917 1437 1010 1467 quam
1032 1427 1069 1456 de
1089 1427 1148 1457 ista

251 1470 438 1507 auctoritate,
460 1470 609 1509 dejecerit.
642 1471 728 1500 Ante
752 1470 833 1500 enim
852 1470 1007 1509 judicasti,
1030 1469 1146 1510 Epicu-

250 1523 338 1542 reum
363 1519 392 1543 te
415 1523 477 1543 esse
502 1519 649 1553 oportere,
678 1523 772 1554 quam
799 1513 857 1543 ista
883 1513 1057 1553 cognovisti.
1096 1513 1147 1542 Ita

249 1565 368 1586 necesse
388 1556 457 1593 fuit,
483 1562 536 1585 aut
558 1556 622 1586 haec
643 1556 758 1596 flagitia
782 1556 937 1596 concipere
955 1555 1070 1594 animo,
1093 1561 1147 1585 aut

251 1604 396 1639 susceptae
418 1598 618 1639 philosophiae
644 1609 754 1629 nomen
778 1599 924 1629 amittere.
955 1598 1042 1636 Quid
1064 1598 1145 1628 enim

253 1651 379 1679 mereas,
395 1648 431 1671 ut
446 1642 617 1682 Epicureus
630 1652 692 1672 esse
707 1642 825 1672 desinas
840 1643 853 1672 Ρ
886 1642 977 1672 Nihil
992 1641 1146 1682 equidem,

252 1684 367 1725 inquis,
388 1692 423 1714 ut
444 1685 592 1715 rationem
608 1685 677 1715 vitae
692 1686 799 1724 beatae,
816 1684 1046 1725 veritatemque,
1063 1684 1147 1716 dese-

254 1737 331 1757 ram.

296 1770 360 1801 Ista
381 1770 474 1812 igitur
497 1776 542 1802 est
563 1770 671 1802 veritas
683 1773 697 1802 ?
733 1771 817 1802 Nam
835 1770 873 1802 de
888 1769 951 1802 vita
964 1769 1055 1802 beate,
1070 1769 1148 1801 nihil
