1226 1935
203 74 264 105 136
329 75 452 106 TUSC.
469 75 642 114 QUAEST.
658 75 736 106 Lm.
755 75 782 105 Ι.
804 73 888 104 CAP.
904 73 957 103 33.

193 160 334 191 omnibus
349 161 421 191 locis
436 161 586 198 divinum,
603 172 695 202 quem
711 158 976 201 sapientissimum,
993 165 1085 198 quem

197 203 431 241 sanctissimum,
456 215 547 245 quem
569 205 741 235 Homerum
762 201 1010 244 philosophorum
1032 209 1085 238 apa

195 245 300 284 pellat,
314 247 404 285 hujus
416 247 494 277 hanc
506 258 599 277 unam
616 247 793 277 sententiam
809 245 845 274 de
860 242 1086 273 immortalitate

196 288 368 319 animorum
385 300 444 319 non
461 292 575 330 probat.
600 290 679 320 Vult
699 290 791 327 enim,
809 287 904 328 (quod
921 295 1010 315 nemo
1032 294 1084 314 ne-

195 337 261 370 gat)
278 332 426 372 quidquid
442 339 547 362 natum
569 333 617 370 sit,
638 332 777 362 interire:
803 330 883 360 nasci
898 335 1000 359 autem
1022 327 1086 357 ani-

197 384 274 411 mos,
299 375 380 415 quod
406 375 533 406 declaret
549 386 653 406 eorum
669 373 835 405 similitudo
856 372 910 413 qui
928 379 1085 412 procrean-

198 421 267 452 tur3
285 428 353 458 quae
369 418 458 448 etiam
471 419 503 448 in
518 419 656 459 ingeniis,
673 428 733 447 non
747 418 845 447 solum
857 416 888 445 in
901 413 1084 454 corporibus,

196 466 348 499 appareat.
372 462 512 491 Alteram
528 468 629 491 autem
642 461 727 491 affert
738 460 885 490 rationem
897 470 905 487 :
923 456 999 486 nihil
1012 466 1086 493 esse,

198 502 279 542 quod
305 503 414 541 doleat,
440 505 514 544 quin
540 505 571 534 id
596 514 711 544 aegrum
735 513 797 533 esse
823 511 945 542 quoque
970 499 1085 540 possit:

197 545 279 584 quod
294 553 396 576 autem
412 547 443 576 in
460 549 600 577 morbum
613 547 710 582 cadat,
726 546 757 575 id
770 545 860 575 etiam
872 543 1084 573 interiturum:

197 587 298 618 dolere
313 595 415 619 autem
431 590 566 619 animos:
592 600 662 630 ergo
677 589 768 619 etiam
784 587 914 617 interire.

242 630 410 662 XXXIII.
436 633 512 662 Haee
533 632 628 662 refelli
643 636 777 672 possunt.
813 632 892 660 Sunt
907 628 987 658 enim
1003 626 1089 667 igno-

198 674 302 711 rantis,
336 685 405 704 cum
433 675 470 705 de
498 675 661 705 aeternitate
690 674 862 704 animorum
892 671 1020 707 dicatur,
1051 669 1088 699 de

198 723 300 746 mente
321 717 390 753 dici,
413 729 481 758 quae
501 718 584 747 omni
606 717 726 747 turbido
747 722 832 746 motu
856 724 972 754 semper
993 717 1087 749 vacet,

197 767 257 787 non
273 759 310 789 de
324 761 460 799 partibus
476 761 522 799 iis,
540 761 571 790 in
587 761 698 801 quibus
714 758 917 799 aegn'tudines,
937 757 999 792 irae‚
1019 755 1088 785 libi-

197 800 353 843 dinesque,
380 811 551 840 versentur3
577 814 651 844 quas
672 803 708 841 is,
726 808 828 832 contra
848 810 939 841 quem
959 799 1023 828 haec
1043 797 1096 827 dia

194 850 318 882 cuntur,
343 853 472 877 semotas
493 858 511 877 a
531 852 643 884 mente,
669 852 697 876 et
721 845 863 875 disclusas
884 848 980 883 putat.
1014 841 1089 871 Jam

195 886 362 917 similitudo
386 890 483 929 magis
507 896 633 930 apparet
653 889 684 918 in
708 888 820 924 bestiis,
843 895 973 927 quarum
994 883 1089 914 animi

195 936 266 960 sunt
282 931 405 962 rationis
421 941 566 973 expertes.
603 931 777 961 Hominum
798 935 900 959 autem
922 926 1089 958 similitudo

195 971 226 1003 in
238 982 398 1014 corporum
411 975 509 1015 figura
520 975 617 1015 magis
629 980 744 1005 exstat:
760 979 788 1003 et
800 972 857 1012 ipsi
869 971 974 1007 animi,
985 969 1089 1010 magni

195 1015 296 1054 refert,
315 1018 399 1057 quali
414 1018 445 1047 in
458 1028 579 1058 corpore
594 1018 682 1047 locati
696 1017 764 1047 sint.
789 1015 894 1045 Multa
905 1014 986 1044 enim
998 1023 1014 1042 e
1025 1022 1089 1042 cor-

195 1068 267 1098 pore
293 1060 452 1098 exsistunt,
478 1072 547 1102 quae
572 1067 681 1090 acuant
707 1065 862 1093 mentem;
886 1057 995 1094 multa,
1020 1066 1090 1096 quae

194 1102 374 1132 obtundant.
398 1104 576 1134 Aristoteles
593 1103 717 1144 quidem
734 1103 786 1139 ait,
803 1110 908 1131 omnes
920 1098 1088 1139 ingeniosos

195 1144 426 1177 melancholicos
449 1157 529 1177 esse:
555 1152 589 1176 ut
611 1157 666 1186 ego
687 1156 736 1175 me
757 1144 919 1175 tardiorem
944 1152 1006 1172 esse
1029 1150 1090 1171 non

195 1187 321 1219 moleste
337 1188 442 1219 feram.
466 1190 638 1220 Enumerat
653 1189 785 1218 multos:
810 1186 902 1227 idque
919 1184 1005 1226 quasi
1020 1193 1090 1214 con-

196 1236 265 1267 stet,
288 1231 446 1270 rationem,
464 1243 517 1263 cur
532 1233 574 1262 ita
589 1233 653 1269 fiat,
670 1231 764 1261 affert.
799 1229 893 1267 Quod
908 1228 932 1258 si
948 1233 1032 1257 tanta
1047 1226 1091 1256 vis

197 1279 241 1302 est
262 1273 301 1302 ad
322 1274 461 1305 habitum
482 1275 592 1305 mentis
607 1275 639 1304 in
654 1275 690 1304 iis
711 1285 779 1315 quae
794 1273 963 1313 gignuntur
978 1270 1010 1299 in
1026 1279 1090 1299 cor-

195 1326 268 1356 pore
284 1319 332 1350 (ea
353 1325 424 1348 sunt
445 1324 559 1355 autem,
581 1327 782 1358 quaecumque
797 1321 878 1353 sunt,
899 1324 968 1354 quae
983 1312 1090 1343 simili-

197 1359 334 1389 tudinem
347 1360 483 1398 faciant),
497 1361 575 1391 nihil
586 1360 765 1391 necessitatis
777 1358 874 1396 affert,
887 1367 940 1387 eur
951 1361 1090 1386 nascatur

198 1402 292 1431 animi
308 1403 484 1434 similitudo.

241 1443 361 1476 Omitto
388 1446 656 1477 dissimilitudines.
701 1445 835 1480 Vellem,
863 1443 965 1473 adesse
990 1446 1089 1482 posset

196 1487 362 1520 Panaetius.
396 1490 485 1520 Vixit
505 1501 575 1520 cum
596 1489 752 1520 Africano.
785 1488 961 1525 Quaererem
982 1495 1019 1514 ex
1042 1494 1088 1521 eo,

197 1531 284 1569 cujus
300 1542 424 1562 suorum
445 1533 551 1563 similis
572 1532 676 1563 fuisset
690 1530 831 1562 Africani
852 1529 950 1559 fratris
971 1537 1063 1567 nepos
1075 1528 1089 1557 ?

197 1573 283 1611 facie,
307 1576 410 1615 patris,
436 1576 508 1614 vita,
533 1577 672 1605 omnium
696 1574 883 1615 perditorum
905 1571 947 1600 ita
971 1569 1089 1606 similis,

199 1623 234 1646 ut
258 1624 332 1647 esset
352 1618 439 1648 facile
459 1619 646 1649 deterrimus.
680 1618 777 1656 Cujus
799 1615 889 1645 etiam
911 1613 1027 1649 similis,
1053 1612 1090 1641 P.

201 1658 311 1698 Crassi,
336 1667 364 1691 et
385 1661 525 1702 sapientis
548 1668 577 1691 et
599 1660 765 1702 eloquentis
789 1664 818 1689 et
839 1657 930 1699 primi
946 1655 1090 1691 hominis,

199 1711 303 1743 ηεροδ,
314 1704 543 1745 multorumque
555 1704 685 1735 aliorum
697 1703 830 1733 virorum
841 1701 1003 1737 clarorum,
1017 1707 1094 1738 quos

199 1745 276 1777 nihil
296 1747 403 1778 attinet
427 1748 594 1785 nominare,
617 1752 739 1788 nepotes
763 1750 792 1776 et
816 1744 897 1774 filii?
932 1741 992 1773 Sed
1016 1739 1091 1782 quid
