1226 1935
306 285 373 327 M.
394 284 599 327 TULLII
634 283 968 328 CICERONIS

224 404 1061 457 TUSCULANARUM

354 531 931 585 QUAESTIONUM‚

407 652 489 689 AD
518 651 574 689 M.
602 650 879 695 BRUTUM,

454 758 596 790 LIBER
618 759 828 792 TERTIUS.

572 870 714 899 &e

422 981 472 1012 De
487 981 691 1022 AEgritztdinc
706 979 856 1011 Ienz'endti.

244 1067 270 1097 Ι.
284 1066 473 1105 QUIDNAM
489 1078 561 1105 esse,
578 1067 686 1103 Brute,
700 1072 1089 1114 cailsae1)11ten17cur,c11n1

199 1116 369 1140 constemus
396 1120 432 1140 ex
459 1111 561 1140 animo
587 1117 616 1140 et
645 1120 776 1150 corpore,
805 1109 935 1150 corporis
965 1109 1090 1139 curandi

198 1153 364 1193 tuendique
381 1151 502 1194 [causa]
524 1153 649 1202 quaesita
664 1153 701 1182 sit
722 1164 779 1187 ars
799 1152 941 1193 [ejusque
957 1152 1087 1193 utilitas]

199 1195 337 1226 Deorum
356 1195 576 1226 immortalium
597 1196 763 1226 inventioni
782 1202 971 1230 consecrata3
995 1195 1090 1225 animi

199 1244 302 1269 autem
324 1239 473 1269 medicina
502 1249 556 1269 nec
576 1245 638 1269 tam
664 1238 829 1269 desiderata
850 1238 898 1275 sit,
923 1244 1087 1278 antequam

199 1282 332 1319 inventa,
349 1291 403 1312 nec
419 1288 481 1312 tam
497 1282 588 1319 culta,
611 1287 808 1323 posteaquam
828 1281 948 1322 cognita
962 1286 1017 1317 est,
1034 1291 1089 1312 nec

198 1330 262 1354 tam
278 1324 383 1355 multis
398 1331 482 1365 grata
494 1330 523 1355 et
533 1326 670 1365 probata,
690 1325 828 1365 pluribus
844 1324 935 1355 etiam
951 1330 1089 1365 suspecta

199 1373 228 1397 et
243 1367 364 1398 invisa?
387 1368 453 1405 An,
473 1367 555 1409 quod
571 1367 701 1408 corporis
716 1368 894 1408 gravitatem
910 1373 939 1398 et
954 1367 1088 1398 dolorem

199 1410 301 1440 animo
314 1410 498 1449 judicamus,
518 1411 612 1440 animi
628 1412 770 1441 morbum
786 1421 908 1451 corpore
922 1420 983 1440 non
1000 1410 1090 1441 senti-

198 1455 293 1484 mus?
318 1453 367 1483 Ita
381 1454 427 1491 fit,
443 1460 478 1483 ut
494 1454 614 1484 animus
629 1454 666 1484 de
678 1465 708 1484 se
724 1454 787 1494 ipse
799 1460 866 1484 tum
878 1453 1004 1493 judicet,
1018 1463 1090 1484 cum

198 1495 254 1526 id
245 1506 357 1537 lpsum,
375 1507 436 1537 quo
448 1497 613 1536 judicatur,
631 1503 763 1537 aegrotet.

242 1539 336 1577 Quod
354 1539 378 1570 si
399 1540 472 1569 tales
487 1550 541 1570 nos
556 1546 665 1570 natura
679 1540 842 1580 genuisset,
859 1545 893 1569 ut
909 1549 975 1570 eam
991 1539 1089 1580 ipsam

198 1582 310 1612 intueri
326 1588 354 1612 et
370 1582 547 1623 perspicere,
561 1583 728 1624 eademque
744 1582 859 1624 optim&
875 1583 950 1613 duce
966 1593 1089 1613 cursum

199 1625 269 1656 vitae
284 1625 437 1663 conficere,
451 1636 606 1666 possemus
618 1637 627 1662 ;
644 1626 727 1656 haud
739 1632 801 1657 erat
813 1636 895 1664 sane,
912 1625 994 1666 quod
1006 1625 1089 1667 quis-

199 1678 292 1709 quam
307 1668 454 1699 rationem
469 1679 504 1699 ac
518 1669 685 1699 doctrinam
702 1669 874 1710 requireret.
909 1668 942 1698 N
944 1678 1003 1699 unc
1018 1679 1088 1709 par-

198 1711 284 1741 vulos
299 1712 385 1742 nobis
400 1711 483 1742 dedit
497 1712 655 1752 igniculos,
672 1723 748 1753 quos
765 1712 908 1749 celeriter,
921 1711 1010 1742 malis
1022 1721 1088 1742 mo-

173 1768 176 1770 *
196 1753 279 1785 ribus
294 1754 547 1796 opinionibusque
562 1755 727 1798 depravati,
745 1755 786 1788 sic
806 1755 1032 1796 restinguimus,
1053 1760 1087 1785 ut
