1226 1935
236 103 299 133 250
343 102 466 133 TUSC.
483 102 654 141 QUAEST.
680 102 758 132 LIB·
776 101 835 133 IV.
859 100 1011 132 021238,

236 193 266 218 et
284 187 500 225 voluntatibus,
522 188 560 219 sit
576 188 641 227 jam
662 187 754 227 hujus
774 186 982 228 disputationis
1000 185 1118 216 modus.

236 231 318 261 Scire
333 237 435 261 autem
451 242 502 261 vos
517 237 643 271 oportet,
660 231 796 271 cognitis,
817 229 918 270 quoad
935 234 1060 269 possunt
1079 229 1118 258 ab

235 272 359 303 homine
374 274 520 314 cognosci,
537 275 686 304 bonorum
702 280 731 303 et
745 273 896 303 malorum
908 271 1030 309 finibus,
1042 270 1119 301 nihil

236 326 255 345 a
277 316 468 357 philosophia
493 327 579 357 posse
603 322 656 346 aut
680 317 779 355 majus
804 322 858 346 aut
881 314 986 344 utilius
1011 314 1120 354 optari,

236 369 330 400 quam
354 359 428 396 haec,
454 370 523 400 quae
548 370 566 389 a
592 360 677 389 nobis
703 359 759 389 hoc
782 358 943 399 quatriduo
968 357 1121 397 disputata

236 407 316 432 sunt.
342 401 445 432 Morte
460 402 540 432 enim
557 401 717 438 contemta,
735 407 764 431 et
775 401 875 431 dolore
891 400 928 430 ad
944 399 1119 440 patiendum

234 444 344 482 levato,
361 444 556 483 adjunximus
568 444 750 474 sedationem
766 443 961 484 aegritudinis,
978 442 1038 483 qua
1050 442 1120 471 nul-

234 487 301 517 lum
326 487 442 517 homini
467 488 584 518 malum
607 488 706 526 majus
730 493 782 516 est.
820 486 887 516 Etsi
912 485 992 515 euim
1019 485 1120 515 omnis

234 530 329 560 animi
351 530 536 569 perturbatio
556 530 655 570 gravis
675 535 729 567 est,
746 539 800 559 nec
818 529 951 558 multum
967 528 1066 558 differt
1080 529 1119 559 ab

234 573 386 607 amenti&
411 578 511 602 tamen
528 573 569 602 ita
584 578 714 609 caeteros,
732 582 802 601 cum
815 571 873 601 sint
888 571 918 600 in
935 570 1037 611 aliquit
1052 581 1120 610 per-

235 616 407 645 turbatione
422 621 475 645 aut
486 617 584 645 metus
594 621 646 644 aut
657 615 769 644 laetitiae
780 620 833 644 aut
844 613 1025 654 cupiditatis,
1038 623 1120 643 com-

234 664 332 688 mctos
347 658 437 688 modo
458 664 486 687 et
506 659 693 698 perturbatos
715 657 812 687 dicere
832 657 983 693 solemus3
1008 662 1038 686 at
1056 666 1117 693 eos,

235 701 289 742 qui
323 711 353 731 se
383 701 554 741 aegritudini
587 700 775 737 dediderunt,
812 700 946 737 miseros,
981 699 1118 737 afflictos,

235 753 430 779 aerurnnosos,
451 744 645 774 calamitosos.
671 744 779 784 Itaque
794 752 854 773 non
870 741 994 772 fortuito
1004 742 1118 772 factum

234 787 364 823 videtur,
385 787 435 816 sed
456 797 475 816 a
497 795 526 816 te
546 786 660 817 ratione
680 786 878 826 propositum,
902 790 937 814 ut
958 784 1119 825 separatim

234 829 273 859 de
288 829 475 869 aegritudine,
492 837 521 859 et
536 829 573 860 de
588 829 699 859 caeteris
714 827 998 869 perturbationibus,
1015 827 1119 867 dispu-

234 878 376 902 taremus.
410 873 448 902 In
471 873 506 902 eft
529 878 572 903 est
593 873 673 902 enim
688 872 755 902 fons
770 871 958 901 miseriarum
974 875 1003 900 et
1018 876 1117 910 caput.

234 915 294 945 Sed
310 922 339 945 et
355 915 551 955 aegritudinis,
568 921 597 944 et
612 915 796 956 reliquorum
815 913 909 944 animi
929 914 1116 949 morborum,

233 968 296 988 una
308 959 422 988 sanatio
434 964 496 988 est:
521 968 624 988 omnes
640 957 804 998 opinabiles
815 967 875 987 esse
885 962 913 986 et
925 956 1120 993 voluntarios,

233 1001 270 1031 ea
298 1011 390 1042 reque
416 1001 537 1041 suscipi,
562 1000 644 1041 quod
667 1001 710 1030 ita
734 1006 848 1030 rectum
879 1009 941 1029 esse
970 998 1115 1028 videatur.

233 1043 330 1074 Hunc
356 1054 496 1082 errorem,
525 1044 611 1084 quasi
634 1043 763 1073 radicem
788 1042 940 1072 malorum
965 1041 1117 1080 omnium,

233 1087 370 1127 stirpitus
385 1086 576 1127 philosophia
591 1097 621 1117 se
636 1092 837 1116 extracturam
852 1084 1017 1125 pollicetur.
1053 1083 1117 1115 De·

233 1140 302 1159 mus
329 1140 399 1169 ergo
426 1139 479 1159 nos
503 1129 573 1159 huic
597 1129 795 1164 excolendos;
828 1127 1039 1168 patiamurque
1062 1136 1117 1158 nos

232 1172 340 1203 sanari.
365 1172 425 1202 His
441 1172 520 1202 enim
531 1172 618 1202 malis
631 1171 839 1207 insidentibus,
850 1180 911 1200 non
923 1170 1013 1199 modo
1024 1170 1115 1206 beati,

232 1215 284 1245 sed
299 1225 337 1245 ne
353 1215 417 1245 sani
433 1215 555 1255 quidem
568 1225 629 1245 esse
644 1224 812 1255 possumus.
836 1214 905 1245 Aut
920 1213 1011 1253 igitur
1026 1223 1116 1252 nege..

231 1268 301 1289 mus
315 1258 483 1299 quidquam
500 1258 613 1287 ratione
628 1257 743 1296 confici,
760 1267 829 1287 cum
845 1261 947 1286 contra
962 1255 1035 1284 nihi]
1053 1255 1116 1286 sine

230 1301 345 1331 ratione
372 1307 448 1331 reete
471 1301 535 1330 fieri
557 1300 669 1341 possit3
693 1306 756 1336 aut,
778 1309 847 1330 cum
868 1298 1056 1339 philosophia
1076 1309 1114 1329 ex

231 1344 382 1374 rationum
398 1343 554 1374 collatione
570 1349 694 1382 constet,
710 1345 748 1373 ab
764 1343 810 1379 ea,
824 1343 847 1372 si
863 1347 891 1371 et
906 1341 977 1371 boni
992 1347 1021 1371 et
1036 1341 1114 1371 beati

231 1387 373 1417 volumus
388 1397 461 1424 esse,
483 1386 585 1416 onmia
599 1386 776 1427 adjumenta
795 1391 825 1416 et
844 1384 958 1416 auxilia
976 1389 1115 1425 peu-uuus

231 1431 307 1461 bene
318 1431 464 1472 beateque
479 1428 608 1461 vivendi.
