1180 1935
163 76 224 108 DE
249 76 358 108 NAT.
382 75 522 108 DEOR.
548 74 692 106 L1n.11.
717 74 801 106 ΟΑΡ.
818 74 869 104 21.
906 73 968 109 357

74 172 107 193 se
121 163 292 203 apen‘endo,
316 163 394 193 nihil
416 162 561 192 immutat
581 161 770 202 sempiternis
790 161 972 191 saeculorum

76 206 226 242 aetatibus,
238 207 312 247 quin
323 206 428 236 eadem
439 205 545 236 iisdem
557 205 743 245 temporibus
754 204 871 234 efficiat.
887 203 973 233 Infra

75 255 178 278 autem
195 249 283 285 hanc,
300 249 424 289 propius
439 259 457 278 a
473 249 563 284 terra,
580 247 668 277 Jovis
681 247 767 277 stella
779 247 885 283 fertur,
902 256 972 286 quae

77 291 187 320 Φαεθωυ
201 292 328 326 dicitur;
349 302 444 332 eaque
456 291 599 321 cumdem
612 290 681 320 XII
696 290 853 329 signorum
865 291 971 318 orbem

77 333 164 363 annis
180 334 248 364 XII
267 334 405 369 conficit;
431 334 624 374 easdemque,
641 344 717 373 quas
732 332 856 363 Saturni
872 332 970 369 stella,

77 376 168 406 efficit
190 377 222 407 in
247 388 336 408 cursu
362 378 527 408 varietates.
565 376 650 406 Huic
670 381 773 406 autem
797 374 970 415 [proxime]

76 419 249 450 inferiorem
274 422 378 451 orbem
404 427 485 450 tenet
511 425 637 458 Πυροεις,
660 429 729 460 quae
751 418 838 448 stella
859 418 973 447 Martis

77 462 270 502 appellatum
291 474 386 504 eaque
404 463 452 494 IV
469 470 498 493 et
513 462 579 492 XX
595 462 763 497 mensibus,
777 461 806 491 V
813 461 839 498 I,
857 466 892 490 ut
906 461 972 501 opi-

77 514 144 543 nor,
167 506 274 536 diebus
296 507 410 542 minus,
437 505 579 536 eumdem
604 506 713 535 lustrat
737 505 852 540 orbem,
879 513 973 544 quem

76 548 147 578 duae
167 549 343 589 superiores.
378 548 464 579 Infra
486 549 565 578 hanc
586 554 689 578 autem
714 547 801 578 stella
823 546 973 576 Mercurii

79 598 132 622 est.
169 591 217 621 Ea
240 592 365 621 Στιλὲων
386 592 558 632 appellatur
581 602 599 621 a
622 591 757 627 Graecis;
786 601 867 631 quae,
891 599 973 619 anno

77 635 139 665 fere
154 641 298 671 vertente,
315 635 494 675 signiferum
506 635 615 664 lustrat
627 636 749 669 orbem3
771 643 870 674 neque
882 643 900 662 a
911 633 974 662 sole

76 677 199 718 longius
215 688 353 718 unquam
370 678 460 708 unius
476 678 555 718 signi
570 677 729 707 intervallo
751 676 887 713 discedit,
905 682 972 705 tum

77 727 277 757 antevertens,
304 727 370 751 tum
395 723 592 761 subsequens.
632 720 746 750 Infima
771 725 814 750 est
836 719 974 759 quinque

78 764 256 797 errantium,
283 770 428 805 terraeque
451 764 602 804 proxima,
626 764 713 793 stella
736 762 875 798 Veneris,
904 772 974 802 quae

78 811 230 846 ‹two-,popu
247 808 363 845 Graece,
382 808 505 837 Lucifer
522 807 632 836 Latine
652 806 773 843 dicitur,
796 816 866 836 cum
888 811 974 835 ante·

78 849 214 890 greditur
229 850 344 885 solcm;
369 861 439 880 cum
457 850 652 890 subsequitur
672 856 786 886 autem,
808 849 972 889 Hesperos.

78 892 128 923 Ea
154 903 277 923 cursum
303 903 383 923 anno
407 893 537 928 conficit,
566 899 595 923 et
620 892 814 922 latitudinem
840 891 973 921 lustrans

79 935 215 975 signiferi
234 936 326 973 orbis,
348 943 378 967 et
397 936 622 977 longitudinem
642 935 739 976 (quod
759 935 840 965 idem
856 934 974 965 faciunt

80 979 174 1009 stellae
195 980 394 1020 superiores);
419 990 518 1020 neque
539 989 678 1019 unquam
700 980 738 1008 ab
761 979 823 1008 sole
839 977 972 1007 duorum

80 1022 237 1062 signorum
249 1022 407 1053 intervan
418 1022 539 1063 longius
551 1021 688 1061 discedit,
702 1028 769 1051 tum
780 1020 971 1058 antecedens,

82 1071 149 1095 tuni
167 1067 362 1106 subsequens.

123 1108 219 1138 XXI.
254 1109 345 1139 Hanc
370 1109 464 1149 igitur
485 1109 517 1139 in
541 1107 634 1139 stellis
657 1108 870 1146 constantiam,
893 1107 974 1138 hanc

82 1157 199 1181 tantam
214 1158 278 1182 tam
294 1152 382 1182 variis
402 1153 538 1183 cursibus
558 1152 590 1182 in
612 1153 697 1182 omni
718 1152 883 1182 aeternitate
903 1160 975 1181 con-

83 1194 267 1224 venientiam
285 1202 472 1236 temporum,
494 1206 555 1226 non
577 1206 701 1236 possum
722 1195 890 1235 intelligere
911 1194 976 1224 sine

82 1244 196 1275 mente,
214 1238 339 1276 ratione,
356 1239 489 1269 consilio.
523 1238 603 1276 Quae
624 1249 695 1269 cum
716 1239 748 1268 in
765 1238 912 1268 sideribus
927 1238 975 1267 in-

84 1291 147 1311 esse
162 1281 330 1319 videamus,
347 1292 407 1311 non
419 1292 581 1322 possumus
593 1292 627 1312 ea
638 1282 704 1322 ipsa
714 1291 776 1311 non
791 1281 823 1310 in
836 1280 975 1311 Deorum

83 1333 210 1354 numero
236 1335 388 1365 reponere.
425 1325 491 1355 Nec
516 1335 586 1355 vero
607 1325 700 1355 stellae
725 1335 778 1361 eae,
803 1335 872 1365 quae
895 1324 976 1355 iner-

83 1373 183 1397 rantes
207 1374 363 1405 vocantur,
391 1378 453 1398 non
479 1367 650 1409 significant
675 1367 814 1398 eamdem
840 1373 976 1398 mentem

84 1416 177 1451 atque
197 1410 412 1451 prudentiam,
441 1422 572 1459 quarum
594 1417 638 1441 est
658 1411 846 1452 quotidiana,
869 1421 977 1441 conve-

84 1453 182 1491 niens,
204 1460 415 1495 constansque
424 1454 596 1485 conversio:
624 1464 680 1485 nec
700 1454 814 1484 habent
834 1453 977 1484 aethereos

85 1506 202 1534 cursus,
227 1507 326 1538 neque
348 1498 421 1527 coelo
443 1497 634 1545 inhaerentes,
656 1504 692 1527 ut
713 1496 850 1538 plerique
872 1497 979 1527 dicunt·

85 1539 219 1580 physicae
234 1540 357 1570 rationis
372 1540 479 1580 ignari.
505 1541 578 1570 Non
591 1547 636 1571 est
647 1541 728 1571 enim
741 1540 859 1570 aetheris
874 1550 909 1570 ea
923 1550 978 1570 na-

86 1588 165 1617 tura,
182 1590 217 1612 ut
232 1583 262 1612 vi
277 1584 333 1613 sua
354 1584 454 1614 stellas
469 1584 628 1624 complexa
643 1588 847 1624 contorqueat.
879 1583 976 1621 Nam,

87 1625 187 1655 tenuis
214 1636 251 1656 ac
279 1627 445 1667 pellucens,
476 1633 506 1657 et
535 1627 678 1667 aequabili
707 1627 804 1656 calore
833 1625 978 1664 suffusus,

88 1668 183 1698 aether
196 1678 258 1699 non
275 1669 345 1700 satis
360 1676 449 1710 aptus
463 1669 503 1700 ad
519 1670 619 1700 stellas
639 1669 833 1700 continendas
848 1669 978 1700 videtur.

89 1711 216 1741 Habent
235 1712 329 1754 igitur
350 1723 438 1743 suam
460 1713 610 1754 sphaeram
631 1713 726 1743 stellae
745 1713 921 1750 inerrantes,
940 1713 979 1742 ab

88 1754 219 1786 aetherea.
240 1756 451 1795 conjunctione
474 1761 619 1787 secretam
640 1762 670 1787 et
689 1755 827 1787 liberam.
861 1756 980 1787 Earum
