1226 1935
202 84 265 114 208
310 84 435 116 TUsc.
451 84 626 123 QUAEST.
642 84 722 115 11113.
741 84 807 115 III.
832 83 917 115 CAP.
934 83 985 119 27.

203 179 273 199 nem
286 180 348 201 esse
363 181 546 202 conversam.
570 172 650 203 Sunt
661 176 764 201 autem
776 170 839 209 alii,
852 181 939 212 quos,
952 169 984 199 in
996 168 1092 205 luctu,

204 213 358 286 Emi-ipsa
370 215 533 263 solitudine
548 215 634 256 loqui
649 225 727 256 saepe
743 214 882 253 delectat,
898 218 933 243 ut
946 213 1000 243 ma
1014 210 1097 252 apud

236 266 344 287 nmum
360 263 464 288 nutrix
478 270 486 288 :

247 334 269 350 “
286 332 406 374 Cupido
421 334 499 375 cepit
513 335 655 364 miseram
671 344 754 364 nunc
768 344 829 371 me,
846 331 987 373 proloqui

247 375 331 407 Coelo
346 383 437 418 atque
453 384 538 408 terrae
554 377 680 408 Medeai
694 377 862 407 miserias.''

247 457 394 488 XXVII.
420 458 497 488 Haec
517 459 631 497 omnia,
654 464 745 497 recta,
767 469 847 494 vera,
869 456 970 487 debita
985 461 1096 497 putan-

206 506 262 538 teS,
286 500 401 531 faciunt
422 501 455 531 in
475 502 595 532 dolore:
621 502 817 541 maximeque
837 500 1016 536 declaratur,
1040 499 1097 529 hoc

205 543 292 584 quasi
308 543 397 574 officii
415 544 531 583 judicio
552 544 627 581 fieri,
652 544 745 584 quod,
767 544 791 574 si
807 544 860 584 qui
876 543 962 579 forte,
979 552 1050 572 cum
1067 552 1097 571 se

206 586 240 615 in
255 587 340 616 luctu
353 598 415 617 esse
431 588 552 625 vellent,
569 587 685 627 aliquid
700 587 835 617 fecerunt
850 585 1025 622 humanius,
1044 590 1098 614 aut

206 629 231 659 si
254 629 379 659 hilarius
394 630 487 660 locuti
508 636 589 668 sunt,
614 635 754 660 revocant
769 640 799 659 se
815 639 917 659 rursus
933 628 971 657 ad
985 627 1099 657 moesti-

208 672 304 708 tia1n;
329 673 503 714 peccatique
525 684 555 703 se
575 673 765 710 insimulant,
789 672 871 713 quod
892 671 992 701 dolere
1007 671 1100 700 inter-

207 715 353 746 miserint.
387 716 502 747 Pueros
526 727 594 747 vero
619 722 729 746 matres
750 721 780 746 et
799 715 935 756 magistri
956 714 1101 754 castigare

207 758 299 789 etiam
316 759 422 797 solent,
441 770 494 790 nec
506 759 603 790 verbis
616 759 726 796 solum,
743 758 794 789 sed
807 758 897 789 etiam
913 757 1098 795 verberibus,

207 801 233 831 si
253 802 338 842 quid,
362 802 394 831 in
415 802 577 833 domestico
597 802 693 841 luctu,
717 801 842 832 hilarius
863 802 901 831 ab
923 801 958 830 iis
983 800 1098 830 factum

207 851 262 882 est,
287 851 340 875 aut
363 845 499 875 dictum:
524 845 642 887 plorare
665 851 787 886 cogunt.
825 844 935 882 Quid?
965 843 1030 884 ipsa
1054 853 1100 872 re-

209 888 312 918 missio
323 888 421 919 luctus
437 899 506 919 cum
520 895 563 919 est
575 895 743 925 consecuta,
760 887 1008 927 intellectumque
1023 885 1101 916 nihil

208 931 313 971 profici
329 932 492 970 moerendo,
510 942 609 962 nonne
625 943 670 962 res
686 931 827 967 declarat,
844 930 934 960 fuisse
950 935 1048 959 totum
1064 929 1102 958 il-

207 975 263 1004 lud
293 975 527 1005 voluntarium?
565 975 652 1013 Quid
683 975 734 1004 ille
761 974 963 1004 Terentianus
981 972 1100 1002 ‘Eoum-0»

207 1029 426 1057 τιμωρουμενος,
447 1018 478 1048 id
494 1023 548 1056 est,
564 1018 628 1059 ipse
644 1028 674 1048 se
689 1017 818 1058 puniens
830 1018 844 1047 Ρ

252 1080 274 1095 “
289 1077 418 1108 Decrevi
433 1078 579 1118 tantisper
594 1088 643 1107 me
658 1077 760 1109 minus
775 1075 906 1115 injuriae,

253 1120 409 1159 Chremes,
426 1131 494 1152 meo
510 1127 602 1161 gnato
617 1120 724 1157 facere,
742 1120 817 1149 dum
833 1119 905 1150 fiam
921 1116 1045 1148 miser.’'

208 1191 270 1222 Hic
290 1191 434 1228 decernit,
455 1197 490 1221 ut
510 1191 601 1221 miser
621 1191 668 1221 sit.
699 1190 787 1221 Num
810 1188 877 1230 quis
898 1188 991 1229 igitur
1012 1186 1101 1228 quid-

209 1244 303 1276 quam
319 1234 452 1264 decernit
466 1235 579 1264 invitus
591 1236 605 1264 ?

254 1298 277 1312 ‘⁶
290 1295 379 1324 Malo
395 1294 520 1336 quidem
535 1304 585 1325 me
600 1293 707 1335 quovis
723 1293 852 1334 dignum
868 1290 1045 1332 deputem-’⁹

211 1365 301 1396 Malo
313 1376 344 1395 se
356 1365 484 1406 dignum
500 1365 638 1406 deputat,
662 1364 720 1394 nisi
734 1363 825 1394 miser
840 1363 897 1394 sit!
923 1362 1017 1393 Vides
1034 1372 1104 1402 ergo

210 1408 361 1449 opinionis
377 1419 448 1445 esse,
473 1419 533 1439 non
550 1414 677 1445 naturae,
694 1408 822 1437 malum.
847 1406 943 1444 Quid,
960 1405 1042 1447 quod
1058 1415 1104 1435 res

211 1451 277 1492 ipsa
292 1451 395 1491 lugere
410 1451 572 1492 prohibet?
589 1457 622 1481 ut
635 1451 717 1491 apud
731 1450 903 1480 Homerum
921 1448 1105 1490 quotidianae

212 1504 309 1532 neces,
334 1494 533 1535 interitusque
556 1494 736 1531 multorum,
761 1493 945 1523 sedationem
960 1491 1106 1522 nioereudi

215 1537 365 1567 afferunt:
391 1538 473 1579 apud
489 1548 581 1578 quem
596 1537 638 1567 ita
653 1537 782 1567 dicitur:

257 1599 280 1615 ‘⁶
294 1597 439 1638 Namque
463 1597 554 1627 nimis
578 1597 703 1635 multos,
731 1602 822 1637 atque
845 1595 929 1626 omni
953 1595 1032 1633 luce,
1057 1605 1107 1625 ca·-

345 1640 448 1670 dentes

253 1683 416 1714 Cernimus
429 1695 438 1719 ;
462 1689 498 1713 ut
513 1693 603 1713 nemo
618 1683 712 1724 possit
727 1692 853 1712 moerore
868 1691 982 1712 vacare.

254 1726 328 1767 Quo
344 1726 441 1767 magis
458 1732 502 1757 est
518 1737 641 1767 aequum
658 1726 786 1756 tumulis
801 1725 946 1755 mandare
957 1728 1106 1765 peremtos

255 1769 360 1801 Firmo
377 1770 490 1808 animo,
507 1775 537 1800 et
551 1770 669 1800 luctum
684 1768 827 1809 lacrymis
844 1768 930 1799 finire
945 1766 1094 1798 diurnis.''
