1226 1935
203 72 262 102 142
327 72 451 103 TUSC.
468 71 641 111 QUAEST.
659 71 737 102 Lm.
756 71 783 102 Ι.
806 71 889 102 ΟΑΡ.
904 71 955 101 40.

242 157 405 189 XXXIX.
429 158 588 188 Pellantur
608 168 679 198 ergo
697 158 762 189 istae
780 157 903 198 ineptiae
921 165 1007 197 paene
1022 154 1088 185 ani-

200 201 254 238 les,
278 207 347 231 ante
362 208 482 242 tempus
496 201 585 239 mori,
601 201 746 231 miserum
762 211 833 230 esse.
857 199 950 237 Quod
966 198 1089 228 tandem

202 246 347 284 tempus?
372 245 564 275 Naturaene?
588 244 634 274 At
658 255 692 274 ea
716 243 839 284 quidem
864 242 947 272 dedit
967 250 1091 271 usuram

202 286 282 323 vitae,
301 293 458 328 tamquam
474 287 620 327 pecuniae,
637 287 724 316 nulla
740 285 908 327 praestituta
922 284 979 314 die.
1007 282 1094 321 Quid

202 334 246 359 est
269 329 372 369 igitur,
399 330 481 370 quod
505 340 641 370 querare,
667 330 691 360 si
712 329 829 369 repetit,
852 337 922 358 cum
944 327 1034 357 vult?
1058 325 1094 356 ea

203 372 284 401 enim
309 373 479 402 conditione
503 383 666 413 acceperas.
702 372 812 408 Iidem,
839 371 863 401 si
884 380 960 411 puer
983 379 1094 410 parvus

202 415 321 452 occidit,
348 426 435 456 aequo
459 416 560 445 animo
584 415 744 445 ferendum
767 420 895 455 putant:
921 413 945 443 si
969 421 1039 442 vero
1061 411 1094 441 in

203 458 299 495 cunis,
324 467 362 488 ne
387 459 575 499 querendum
600 458 735 498 quidem,
772 457 873 497 Atqui
888 457 926 485 ab
941 455 998 485 hoc
1013 465 1095 484 acer-

203 500 271 530 bius
288 501 387 540 exegit
402 506 520 539 natura,
537 501 619 541 quod
634 500 764 530 dederat.
788 499 938 529 Nondum
954 503 1094 537 gustave-

202 549 260 579 rat,
284 543 437 583 inquiunt,
462 544 531 573 vitre
546 543 744 573 suavitatem:
769 542 817 571 hic
832 547 933 571 autem
947 541 1011 579 jam
1028 550 1095 580 spe-

203 587 290 615 rabat
310 596 433 626 magna,
457 586 568 626 quibus
591 585 651 615 frui
675 590 811 625 coeperat.
846 585 892 614 At
915 583 946 612 id
971 582 1095 623 quidem

204 628 305 668 ipsum
321 628 353 658 in
369 629 481 658 caeteris
496 630 585 658 rebus
600 628 709 657 melius
724 632 859 668 putatur,
877 626 1009 666 aliquam
1026 635 1096 665 par-

204 677 278 708 tem,
301 682 394 711 quam
420 671 549 707 nullam,
574 671 738 710 attingere:
771 680 823 700 cur
843 670 875 699 in
900 669 963 699 vita
985 669 1095 698 secus?

205 714 406 754 Quamquam
418 724 478 743 non
494 714 574 743 male
586 714 628 743 ait
640 713 856 749 Callimachus,
872 712 970 742 multo
987 711 1096 751 saepius

204 756 387 797 lacrymasse
404 757 574 793 Priamum,
599 767 692 797 quam
713 756 866 786 Troilum.
898 755 1016 784 Eorum
1041 764 1096 783 au-

205 804 279 835 tem,
304 800 357 839 qui
381 800 487 830 exacta⁴
509 805 595 829 aetate
610 799 791 835 moriuntur,
808 798 929 827 fortuna
944 797 1095 826 laudatur.

206 842 296 872 Cur?
320 852 403 880 nam,
421 853 497 879 reor,
514 843 616 879 nullis,
634 842 658 872 si
674 842 735 872 vita
749 841 867 881 longior
879 840 1010 876 daretur,
1028 849 1097 879 pos-

206 890 251 914 set
271 895 332 915 esse
354 885 525 924 jucundior.
559 885 648 915 Nihil
669 890 713 915 est
733 884 814 914 enim
832 883 964 924 profecto
979 881 1097 912 homini

206 928 369 968 prudentia
392 928 521 964 dulcius,
547 938 652 969 quam,
678 933 712 957 ut
737 933 842 957 caetera
862 926 988 961 auferat,
1011 924 1097 954 affert

207 976 285 1000 certe
300 977 444 1001 senectus.
479 971 559 1008 Quae
580 981 648 1001 vero
669 976 740 1000 aetas
756 970 846 1009 longa
861 970 929 998 est?
954 973 1006 997 aut
1022 966 1097 1008 quid

206 1014 332 1044 omnino
343 1014 461 1044 homini
472 1014 599 1054 longum
611 1015 624 1044 Ρ
649 1014 761 1043 Nonne
773 1012 864 1042 modo
875 1021 994 1052 pueros,
1007 1010 1099 1039 modo

206 1056 418 1093 adolescentes,
444 1057 476 1086 in
502 1067 602 1093 cursu,
623 1067 642 1086 a
661 1061 744 1096 tergo
764 1055 935 1095 insequens,
958 1063 1012 1083 nec
1032 1052 1097 1093 opi-

207 1105 313 1130 nantes
335 1105 469 1130 assecuta
488 1105 532 1129 est
552 1105 687 1129 senectus
699 1101 713 1130 ?
737 1098 806 1134 Sed,
832 1098 904 1138 quia
927 1097 1007 1127 ultra
1022 1096 1099 1125 nihil

207 1141 366 1180 habemus,
380 1143 436 1173 hoc
447 1143 575 1183 longum
588 1142 736 1172 ducimus.
761 1141 877 1171 Omnia
891 1140 958 1175 ista,
975 1138 1099 1180 perinde

208 1190 244 1215 ut
254 1185 363 1226 cuique
374 1185 445 1216 data
456 1191 536 1223 sunt,
548 1196 602 1225 pro
614 1185 679 1215 rata
688 1190 783 1225 parte,
797 1183 831 1222 [a
841 1183 930 1224 vitiu]
943 1188 996 1212 aut
1007 1182 1100 1222 longa

208 1234 262 1258 aut
281 1228 384 1258 brevia
407 1229 558 1258 dicuntur.
597 1228 694 1269 Apud
711 1227 870 1268 Hypanim
887 1226 1027 1263 fluvium,
1044 1224 1099 1265 qui

208 1272 248 1301 ab
268 1271 402 1312 Europae
425 1277 509 1312 parte
527 1271 559 1300 in
575 1271 710 1301 Pontum
733 1270 844 1307 influit,
861 1268 1039 1299 Aristoteles
1055 1267 1097 1297 ait

208 1314 349 1344 bestiolas
361 1314 508 1355 quasdam
520 1314 612 1351 nasci,
626 1325 694 1354 quae
706 1323 803 1343 unum
816 1313 896 1342 diem
909 1312 1021 1342 vivant.
1045 1310 1097 1340 Ex

208 1356 255 1387 his
280 1357 383 1397 igitur,
408 1357 484 1388 hora
509 1357 614 1387 octava
637 1368 706 1398 quae
730 1361 852 1386 mortua
878 1360 931 1391 est,
959 1360 1099 1395 provecta

209 1405 298 1430 aetate
317 1406 438 1431 mortua
462 1406 523 1430 est:
548 1411 617 1440 quae
639 1409 709 1430 vero
732 1399 884 1429 occidente
904 1398 976 1434 sole,
999 1396 1099 1426 decre-

209 1443 294 1483 pita;
318 1453 352 1473 eo
372 1443 480 1483 magis,
498 1443 523 1473 si
538 1443 628 1473 etiam
645 1442 792 1473 solstitiali
808 1441 865 1471 die.
904 1440 1015 1471 Confer
1030 1449 1100 1469 nos-

209 1491 288 1516 tram
301 1486 508 1526 longissimam
525 1492 643 1516 aetatem
659 1496 729 1516 cum
745 1484 928 1519 aeternitate3
946 1483 977 1512 in
993 1482 1100 1512 eadem

209 1529 430 1569 propemodum
454 1529 609 1567 brevitate,
634 1528 697 1569 qua
720 1528 781 1557 illae
804 1527 947 1564 bestiolae,
972 1525 1100 1566 reperie-

209 1581 289 1601 mur.

254 1614 326 1644 XL.
350 1614 590 1644 Contemnamus
604 1614 696 1655 igitur
716 1623 820 1643 omnes
835 1611 982 1652 ineptias:
1004 1610 1100 1652 (quod

211 1657 293 1688 enim
309 1658 404 1687 levius
418 1658 489 1688 huie
507 1657 621 1687 levitati
640 1666 751 1686 nomen
771 1656 927 1696 imponam
939 1657 967 1692 Ρ)
989 1660 1099 1684 totam-

211 1711 271 1740 que
291 1700 353 1730 vim
377 1701 453 1730 bene
473 1700 594 1731 vivendi
613 1700 646 1730 in
666 1699 761 1729 animi
776 1700 881 1729 robore
896 1708 930 1728 ac
944 1696 1099 1737 magnitu-

211 1743 293 1781 dine,
316 1748 346 1773 et
360 1742 391 1773 in
407 1743 545 1774 omnium
561 1752 663 1773 rerum
677 1742 881 1773 humanarum
897 1739 1097 1771 contemtione
