<?xml version="1.0" encoding="UTF-8"?>
<!DOCTYPE html PUBLIC "-//W3C//DTD XHTML 1.0 Transitional//EN"
    "http://www.w3.org/TR/xhtml1/DTD/xhtml1-transitional.dtd">
<html xmlns="http://www.w3.org/1999/xhtml" xml:lang="en" lang="en">
 <head>
  <title>
</title>
<meta http-equiv="Content-Type" content="text/html;charset=utf-8" />
  <meta name='ocr-system' content='tesseract 3.04.00' />
  <meta name='ocr-capabilities' content='ocr_page ocr_carea ocr_par ocr_line ocrx_word'/>
</head>
<body>
  <div class='ocr_page' id='page_1' title='image "./operaern03ciceuoft_0389.png"; bbox 0 0 1180 1935; ppageno 0'>
   <div class='ocr_carea' id='block_1_1' title="bbox 136 84 918 122">
    <p class='ocr_par' dir='ltr' id='par_1_1' title="bbox 136 84 918 122">
     <span class='ocr_line' id='line_1_1' title="bbox 136 84 918 122; baseline -0.001 -5"><span class='ocrx_word' id='word_1_1' title='bbox 136 84 198 117; x_wconf 80' lang='lat' dir='ltr'>DE</span> <span class='ocrx_word' id='word_1_2' title='bbox 215 86 326 118; x_wconf 82' lang='lat' dir='ltr'>NAT.</span> <span class='ocrx_word' id='word_1_3' title='bbox 341 86 482 120; x_wconf 84' lang='lat' dir='ltr'><strong>DEOR.</strong></span> <span class='ocrx_word' id='word_1_4' title='bbox 498 87 578 119; x_wconf 79' lang='lat' dir='ltr'>Lm.</span> <span class='ocrx_word' id='word_1_5' title='bbox 596 87 643 118; x_wconf 91' lang='lat'>11.</span> <span class='ocrx_word' id='word_1_6' title='bbox 660 87 745 119; x_wconf 71' lang='lat' dir='ltr'>CAP.</span> <span class='ocrx_word' id='word_1_7' title='bbox 756 86 807 118; x_wconf 75' lang='lat'>41.</span> <span class='ocrx_word' id='word_1_8' title='bbox 852 85 918 122; x_wconf 78' lang='lat'>375</span> 
     </span>
    </p>
   </div>
   <div class='ocr_carea' id='block_1_2' title="bbox 24 171 924 1330">
    <p class='ocr_par' dir='ltr' id='par_1_2' title="bbox 24 171 922 1104">
     <span class='ocr_line' id='line_1_2' title="bbox 28 171 919 214; baseline 0.001 -13"><span class='ocrx_word' id='word_1_9' title='bbox 28 175 58 200; x_wconf 82' lang='lat' dir='ltr'>et</span> <span class='ocrx_word' id='word_1_10' title='bbox 73 171 221 211; x_wconf 80' lang='lat' dir='ltr'>occidens,</span> <span class='ocrx_word' id='word_1_11' title='bbox 237 173 319 204; x_wconf 87' lang='lat' dir='ltr'>diem</span> <span class='ocrx_word' id='word_1_12' title='bbox 333 180 516 214; x_wconf 87' lang='lat' dir='ltr'>noctemque</span> <span class='ocrx_word' id='word_1_13' title='bbox 530 173 671 210; x_wconf 77' lang='lat' dir='ltr'>conficit3</span> <span class='ocrx_word' id='word_1_14' title='bbox 695 179 724 204; x_wconf 91' lang='lat' dir='ltr'>et</span> <span class='ocrx_word' id='word_1_15' title='bbox 733 172 824 204; x_wconf 87' lang='lat' dir='ltr'>modo</span> <span class='ocrx_word' id='word_1_16' title='bbox 836 182 919 202; x_wconf 87' lang='lat' dir='ltr'>acce-</span> 
     </span>
     <span class='ocr_line' id='line_1_3' title="bbox 25 212 919 257; baseline 0.001 -14"><span class='ocrx_word' id='word_1_17' title='bbox 25 212 110 252; x_wconf 90' lang='lat' dir='ltr'>dens,</span> <span class='ocrx_word' id='word_1_18' title='bbox 144 221 210 245; x_wconf 90' lang='lat' dir='ltr'>tum</span> <span class='ocrx_word' id='word_1_19' title='bbox 232 222 335 246; x_wconf 90' lang='lat' dir='ltr'>autem</span> <span class='ocrx_word' id='word_1_20' title='bbox 355 216 505 255; x_wconf 80' lang='lat' dir='ltr'><strong>recedens,</strong></span> <span class='ocrx_word' id='word_1_21' title='bbox 527 216 613 247; x_wconf 84' lang='lat' dir='ltr'>binas</span> <span class='ocrx_word' id='word_1_22' title='bbox 630 216 662 246; x_wconf 90' lang='lat' dir='ltr'>in</span> <span class='ocrx_word' id='word_1_23' title='bbox 683 216 810 257; x_wconf 85' lang='lat' dir='ltr'>singulis</span> <span class='ocrx_word' id='word_1_24' title='bbox 831 215 919 245; x_wconf 81' lang='lat' dir='ltr'>annis</span> 
     </span>
     <span class='ocr_line' id='line_1_4' title="bbox 27 257 918 299; baseline 0.002 -14"><span class='ocrx_word' id='word_1_25' title='bbox 27 257 206 288; x_wconf 88' lang='lat' dir='ltr'>reversiones</span> <span class='ocrx_word' id='word_1_26' title='bbox 222 260 260 289; x_wconf 89' lang='lat' dir='ltr'>ab</span> <span class='ocrx_word' id='word_1_27' title='bbox 276 265 411 290; x_wconf 86' lang='lat' dir='ltr'>extremo</span> <span class='ocrx_word' id='word_1_28' title='bbox 426 259 588 290; x_wconf 88' lang='lat' dir='ltr'>contrarias</span> <span class='ocrx_word' id='word_1_29' title='bbox 603 259 696 290; x_wconf 85' lang='lat' dir='ltr'>facit:</span> <span class='ocrx_word' id='word_1_30' title='bbox 724 268 855 299; x_wconf 84' lang='lat' dir='ltr'>quarum</span> <span class='ocrx_word' id='word_1_31' title='bbox 871 258 918 287; x_wconf 91' lang='lat' dir='ltr'>in-</span> 
     </span>
     <span class='ocr_line' id='line_1_5' title="bbox 27 300 917 343; baseline 0.002 -15"><span class='ocrx_word' id='word_1_32' title='bbox 27 300 152 330; x_wconf 84' lang='lat' dir='ltr'>tervallo</span> <span class='ocrx_word' id='word_1_33' title='bbox 167 309 233 331; x_wconf 92' lang='lat' dir='ltr'>tum</span> <span class='ocrx_word' id='word_1_34' title='bbox 250 301 336 343; x_wconf 89' lang='lat' dir='ltr'>quasi</span> <span class='ocrx_word' id='word_1_35' title='bbox 348 302 469 333; x_wconf 59' lang='lat' dir='ltr'>tristitia</span> <span class='ocrx_word' id='word_1_36' title='bbox 481 302 614 343; x_wconf 59' lang='lat' dir='ltr'>quadam</span> <span class='ocrx_word' id='word_1_37' title='bbox 630 301 779 332; x_wconf 82' lang='lat' dir='ltr'>contrahit</span> <span class='ocrx_word' id='word_1_38' title='bbox 794 307 917 338; x_wconf 83' lang='lat' dir='ltr'>terram,</span> 
     </span>
     <span class='ocr_line' id='line_1_6' title="bbox 28 343 917 385; baseline 0.002 -14"><span class='ocrx_word' id='word_1_39' title='bbox 28 347 95 371; x_wconf 88' lang='lat' dir='ltr'>tum</span> <span class='ocrx_word' id='word_1_40' title='bbox 112 343 240 374; x_wconf 85' lang='lat' dir='ltr'>vicissim</span> <span class='ocrx_word' id='word_1_41' title='bbox 253 345 395 385; x_wconf 65' lang='lat' dir='ltr'>laetificat,</span> <span class='ocrx_word' id='word_1_42' title='bbox 412 352 447 376; x_wconf 89' lang='lat' dir='ltr'>ut</span> <span class='ocrx_word' id='word_1_43' title='bbox 462 356 532 376; x_wconf 89' lang='lat' dir='ltr'>cum</span> <span class='ocrx_word' id='word_1_44' title='bbox 545 345 618 376; x_wconf 82' lang='lat' dir='ltr'>coelo</span> <span class='ocrx_word' id='word_1_45' title='bbox 629 345 759 375; x_wconf 85' lang='lat' dir='ltr'>hilarata</span> <span class='ocrx_word' id='word_1_46' title='bbox 770 344 917 374; x_wconf 83' lang='lat' dir='ltr'>videatur.</span> 
     </span>
     <span class='ocr_line' id='line_1_7' title="bbox 29 383 918 429; baseline 0.001 -15"><span class='ocrx_word' id='word_1_47' title='bbox 29 383 121 415; x_wconf 88' lang='lat' dir='ltr'>Luna</span> <span class='ocrx_word' id='word_1_48' title='bbox 142 392 256 425; x_wconf 85' lang='lat' dir='ltr'>autem,</span> <span class='ocrx_word' id='word_1_49' title='bbox 276 398 345 429; x_wconf 89' lang='lat' dir='ltr'>quae</span> <span class='ocrx_word' id='word_1_50' title='bbox 371 394 416 419; x_wconf 86' lang='lat' dir='ltr'>est</span> <span class='ocrx_word' id='word_1_51' title='bbox 440 391 488 423; x_wconf 86' lang='lat' dir='ltr'>(ut</span> <span class='ocrx_word' id='word_1_52' title='bbox 511 388 674 419; x_wconf 85' lang='lat' dir='ltr'>ostendunt</span> <span class='ocrx_word' id='word_1_53' title='bbox 697 386 918 422; x_wconf 82' lang='lat' dir='ltr'>mathematici)</span> 
     </span>
     <span class='ocr_line' id='line_1_8' title="bbox 28 428 919 473; baseline 0.002 -16"><span class='ocrx_word' id='word_1_54' title='bbox 28 428 126 468; x_wconf 87' lang='lat' dir='ltr'>major</span> <span class='ocrx_word' id='word_1_55' title='bbox 141 440 235 470; x_wconf 90' lang='lat' dir='ltr'>quam</span> <span class='ocrx_word' id='word_1_56' title='bbox 249 430 375 461; x_wconf 90' lang='lat' dir='ltr'>dimidia</span> <span class='ocrx_word' id='word_1_57' title='bbox 389 442 458 473; x_wconf 85' lang='lat' dir='ltr'>pars</span> <span class='ocrx_word' id='word_1_58' title='bbox 472 438 569 469; x_wconf 84' lang='lat' dir='ltr'>terrae,</span> <span class='ocrx_word' id='word_1_59' title='bbox 586 431 693 461; x_wconf 88' lang='lat' dir='ltr'>iisdem</span> <span class='ocrx_word' id='word_1_60' title='bbox 709 429 812 471; x_wconf 87' lang='lat' dir='ltr'>spatiis</span> <span class='ocrx_word' id='word_1_61' title='bbox 828 440 919 469; x_wconf 84' lang='lat' dir='ltr'>vaga-</span> 
     </span>
     <span class='ocr_line' id='line_1_9' title="bbox 28 472 918 515; baseline 0.003 -15"><span class='ocrx_word' id='word_1_62' title='bbox 28 475 89 508; x_wconf 87' lang='lat' dir='ltr'>tur,</span> <span class='ocrx_word' id='word_1_63' title='bbox 106 472 218 512; x_wconf 88' lang='lat' dir='ltr'>quibus</span> <span class='ocrx_word' id='word_1_64' title='bbox 232 473 296 504; x_wconf 84' lang='lat' dir='ltr'>sol:</span> <span class='ocrx_word' id='word_1_65' title='bbox 321 474 373 505; x_wconf 90' lang='lat' dir='ltr'>sed</span> <span class='ocrx_word' id='word_1_66' title='bbox 384 481 451 505; x_wconf 87' lang='lat' dir='ltr'>tum</span> <span class='ocrx_word' id='word_1_67' title='bbox 466 474 660 515; x_wconf 85' lang='lat' dir='ltr'>congrediens</span> <span class='ocrx_word' id='word_1_68' title='bbox 675 483 745 505; x_wconf 88' lang='lat' dir='ltr'>cum</span> <span class='ocrx_word' id='word_1_69' title='bbox 761 472 833 510; x_wconf 84' lang='lat' dir='ltr'>sole,</span> <span class='ocrx_word' id='word_1_70' title='bbox 850 478 918 502; x_wconf 85' lang='lat' dir='ltr'>tum</span> 
     </span>
     <span class='ocr_line' id='line_1_10' title="bbox 28 513 920 559; baseline 0 -16"><span class='ocrx_word' id='word_1_71' title='bbox 28 513 210 554; x_wconf 78' lang='lat' dir='ltr'>digrediens,</span> <span class='ocrx_word' id='word_1_72' title='bbox 226 522 256 546; x_wconf 85' lang='lat' dir='ltr'>et</span> <span class='ocrx_word' id='word_1_73' title='bbox 267 527 333 547; x_wconf 89' lang='lat' dir='ltr'>eam</span> <span class='ocrx_word' id='word_1_74' title='bbox 349 518 459 557; x_wconf 84' lang='lat' dir='ltr'>lucem,</span> <span class='ocrx_word' id='word_1_75' title='bbox 477 528 570 559; x_wconf 89' lang='lat' dir='ltr'>quam</span> <span class='ocrx_word' id='word_1_76' title='bbox 582 528 600 547; x_wconf 92' lang='lat' dir='ltr'>a</span> <span class='ocrx_word' id='word_1_77' title='bbox 615 517 677 547; x_wconf 90' lang='lat' dir='ltr'>sole</span> <span class='ocrx_word' id='word_1_78' title='bbox 688 515 813 556; x_wconf 88' lang='lat' dir='ltr'>accepit,</span> <span class='ocrx_word' id='word_1_79' title='bbox 824 515 920 544; x_wconf 80' lang='lat' dir='ltr'>mittit</span> 
     </span>
     <span class='ocr_line' id='line_1_11' title="bbox 26 556 919 601; baseline 0.001 -15"><span class='ocrx_word' id='word_1_80' title='bbox 26 556 59 586; x_wconf 92' lang='lat' dir='ltr'>in</span> <span class='ocrx_word' id='word_1_81' title='bbox 83 563 186 596; x_wconf 83' lang='lat' dir='ltr'>terras,</span> <span class='ocrx_word' id='word_1_82' title='bbox 208 564 238 590; x_wconf 83' lang='lat' dir='ltr'>et</span> <span class='ocrx_word' id='word_1_83' title='bbox 255 560 352 590; x_wconf 82' lang='lat' dir='ltr'>varias</span> <span class='ocrx_word' id='word_1_84' title='bbox 367 561 433 601; x_wconf 89' lang='lat' dir='ltr'>ipsa</span> <span class='ocrx_word' id='word_1_85' title='bbox 447 560 630 591; x_wconf 77' lang='lat' dir='ltr'>mutationes</span> <span class='ocrx_word' id='word_1_86' title='bbox 645 560 721 590; x_wconf 87' lang='lat' dir='ltr'>lucis</span> <span class='ocrx_word' id='word_1_87' title='bbox 736 559 848 590; x_wconf 84' lang='lat' dir='ltr'>habet:</span> <span class='ocrx_word' id='word_1_88' title='bbox 873 564 919 588; x_wconf 92' lang='lat' dir='ltr'>at-</span> 
     </span>
     <span class='ocr_line' id='line_1_12' title="bbox 27 601 920 645; baseline 0.001 -16"><span class='ocrx_word' id='word_1_89' title='bbox 27 610 87 640; x_wconf 85' lang='lat' dir='ltr'>que</span> <span class='ocrx_word' id='word_1_90' title='bbox 109 601 200 632; x_wconf 89' lang='lat' dir='ltr'>etiam</span> <span class='ocrx_word' id='word_1_91' title='bbox 224 608 290 633; x_wconf 91' lang='lat' dir='ltr'>tum</span> <span class='ocrx_word' id='word_1_92' title='bbox 311 605 447 643; x_wconf 81' lang='lat' dir='ltr'>subjecta</span> <span class='ocrx_word' id='word_1_93' title='bbox 469 611 561 645; x_wconf 87' lang='lat' dir='ltr'>atque</span> <span class='ocrx_word' id='word_1_94' title='bbox 582 603 721 645; x_wconf 84' lang='lat' dir='ltr'>opposita</span> <span class='ocrx_word' id='word_1_95' title='bbox 736 601 803 639; x_wconf 82' lang='lat' dir='ltr'>soli,</span> <span class='ocrx_word' id='word_1_96' title='bbox 821 601 920 631; x_wconf 87' lang='lat' dir='ltr'>radios</span> 
     </span>
     <span class='ocr_line' id='line_1_13' title="bbox 26 643 918 688; baseline 0.001 -16"><span class='ocrx_word' id='word_1_97' title='bbox 26 643 92 682; x_wconf 91' lang='lat' dir='ltr'>ejus</span> <span class='ocrx_word' id='word_1_98' title='bbox 107 649 136 674; x_wconf 89' lang='lat' dir='ltr'>et</span> <span class='ocrx_word' id='word_1_99' title='bbox 150 645 255 676; x_wconf 90' lang='lat' dir='ltr'>lumen</span> <span class='ocrx_word' id='word_1_100' title='bbox 270 647 433 684; x_wconf 84' lang='lat' dir='ltr'>obscurat;</span> <span class='ocrx_word' id='word_1_101' title='bbox 457 653 525 677; x_wconf 90' lang='lat' dir='ltr'>tum</span> <span class='ocrx_word' id='word_1_102' title='bbox 547 647 624 688; x_wconf 86' lang='lat' dir='ltr'>ipsa,</span> <span class='ocrx_word' id='word_1_103' title='bbox 646 646 780 677; x_wconf 88' lang='lat' dir='ltr'>incidens</span> <span class='ocrx_word' id='word_1_104' title='bbox 795 644 827 674; x_wconf 90' lang='lat' dir='ltr'>in</span> <span class='ocrx_word' id='word_1_105' title='bbox 848 654 918 673; x_wconf 90' lang='lat' dir='ltr'>um-</span> 
     </span>
     <span class='ocr_line' id='line_1_14' title="bbox 26 686 920 730; baseline -0.003 -11"><span class='ocrx_word' id='word_1_106' title='bbox 26 686 112 715; x_wconf 81' lang='lat' dir='ltr'>bram</span> <span class='ocrx_word' id='word_1_107' title='bbox 128 692 225 725; x_wconf 80' lang='lat' dir='ltr'>terrae,</span> <span class='ocrx_word' id='word_1_108' title='bbox 242 699 312 719; x_wconf 90' lang='lat' dir='ltr'>cum</span> <span class='ocrx_word' id='word_1_109' title='bbox 328 696 372 720; x_wconf 81' lang='lat' dir='ltr'>est</span> <span class='ocrx_word' id='word_1_110' title='bbox 392 700 409 720; x_wconf 90' lang='lat' dir='ltr'>e</span> <span class='ocrx_word' id='word_1_111' title='bbox 431 690 552 730; x_wconf 87' lang='lat' dir='ltr'>regione</span> <span class='ocrx_word' id='word_1_112' title='bbox 568 690 649 726; x_wconf 84' lang='lat' dir='ltr'>solis,</span> <span class='ocrx_word' id='word_1_113' title='bbox 672 688 850 729; x_wconf 85' lang='lat' dir='ltr'>interpositu</span> <span class='ocrx_word' id='word_1_114' title='bbox 870 686 920 716; x_wconf 92' lang='lat' dir='ltr'>in-</span> 
     </span>
     <span class='ocr_line' id='line_1_15' title="bbox 26 729 918 773; baseline 0.001 -15"><span class='ocrx_word' id='word_1_115' title='bbox 26 729 212 772; x_wconf 78' lang='lat' dir='ltr'>oerjectuque</span> <span class='ocrx_word' id='word_1_116' title='bbox 227 737 324 770; x_wconf 84' lang='lat' dir='ltr'>terrae,</span> <span class='ocrx_word' id='word_1_117' title='bbox 341 740 464 773; x_wconf 86' lang='lat' dir='ltr'>repente</span> <span class='ocrx_word' id='word_1_118' title='bbox 484 733 594 763; x_wconf 81' lang='lat' dir='ltr'>deficit.</span> <span class='ocrx_word' id='word_1_119' title='bbox 619 733 794 773; x_wconf 85' lang='lat' dir='ltr'>Iisdemque</span> <span class='ocrx_word' id='word_1_120' title='bbox 815 729 918 771; x_wconf 85' lang='lat' dir='ltr'>spatiis</span> 
     </span>
     <span class='ocr_line' id='line_1_16' title="bbox 27 770 920 816; baseline 0.001 -15"><span class='ocrx_word' id='word_1_121' title='bbox 27 770 76 801; x_wconf 85' lang='lat' dir='ltr'>hae</span> <span class='ocrx_word' id='word_1_122' title='bbox 90 773 195 811; x_wconf 87' lang='lat' dir='ltr'>stellae,</span> <span class='ocrx_word' id='word_1_123' title='bbox 212 785 288 816; x_wconf 85' lang='lat' dir='ltr'>quas</span> <span class='ocrx_word' id='word_1_124' title='bbox 303 786 394 816; x_wconf 87' lang='lat' dir='ltr'>vagas</span> <span class='ocrx_word' id='word_1_125' title='bbox 406 776 547 815; x_wconf 75' lang='lat' dir='ltr'>dicimus,</span> <span class='ocrx_word' id='word_1_126' title='bbox 564 776 677 806; x_wconf 78' lang='lat' dir='ltr'>circum</span> <span class='ocrx_word' id='word_1_127' title='bbox 694 781 804 805; x_wconf 84' lang='lat' dir='ltr'>terram</span> <span class='ocrx_word' id='word_1_128' title='bbox 816 774 920 803; x_wconf 87' lang='lat' dir='ltr'>ferun-</span> 
     </span>
     <span class='ocr_line' id='line_1_17' title="bbox 28 816 920 858; baseline 0.002 -14"><span class='ocrx_word' id='word_1_129' title='bbox 28 819 89 853; x_wconf 84' lang='lat' dir='ltr'>tur,</span> <span class='ocrx_word' id='word_1_130' title='bbox 107 816 273 858; x_wconf 88' lang='lat' dir='ltr'>eodemque</span> <span class='ocrx_word' id='word_1_131' title='bbox 295 818 386 848; x_wconf 87' lang='lat' dir='ltr'>modo</span> <span class='ocrx_word' id='word_1_132' title='bbox 402 819 541 849; x_wconf 87' lang='lat' dir='ltr'>oriuntur</span> <span class='ocrx_word' id='word_1_133' title='bbox 557 824 585 848; x_wconf 87' lang='lat' dir='ltr'>et</span> <span class='ocrx_word' id='word_1_134' title='bbox 600 818 740 848; x_wconf 84' lang='lat' dir='ltr'>occidunt</span> <span class='ocrx_word' id='word_1_135' title='bbox 753 828 762 852; x_wconf 73' lang='grc' dir='ltr'>ς</span> <span class='ocrx_word' id='word_1_136' title='bbox 788 825 920 857; x_wconf 87' lang='lat' dir='ltr'>quarum</span> 
     </span>
     <span class='ocr_line' id='line_1_18' title="bbox 26 859 919 900; baseline 0.001 -13"><span class='ocrx_word' id='word_1_137' title='bbox 26 863 128 888; x_wconf 87' lang='lat' dir='ltr'>motus</span> <span class='ocrx_word' id='word_1_138' title='bbox 142 865 209 889; x_wconf 91' lang='lat' dir='ltr'>tum</span> <span class='ocrx_word' id='word_1_139' title='bbox 225 861 400 899; x_wconf 79' lang='lat' dir='ltr'>incitantur,</span> <span class='ocrx_word' id='word_1_140' title='bbox 424 867 491 891; x_wconf 89' lang='lat' dir='ltr'>tum</span> <span class='ocrx_word' id='word_1_141' title='bbox 509 861 711 899; x_wconf 83' lang='lat' dir='ltr'>retardantur,</span> <span class='ocrx_word' id='word_1_142' title='bbox 728 870 807 900; x_wconf 78' lang='lat' dir='ltr'>saepe</span> <span class='ocrx_word' id='word_1_143' title='bbox 827 859 919 889; x_wconf 89' lang='lat' dir='ltr'>etiam</span> 
     </span>
     <span class='ocr_line' id='line_1_19' title="bbox 25 899 920 945; baseline 0.001 -15"><span class='ocrx_word' id='word_1_144' title='bbox 25 899 177 932; x_wconf 82' lang='lat' dir='ltr'>insistunt.</span> <span class='ocrx_word' id='word_1_145' title='bbox 216 902 289 941; x_wconf 92' lang='lat' dir='ltr'>Quo</span> <span class='ocrx_word' id='word_1_146' title='bbox 305 904 474 944; x_wconf 82' lang='lat' dir='ltr'>spectaculo</span> <span class='ocrx_word' id='word_1_147' title='bbox 492 903 570 934; x_wconf 89' lang='lat' dir='ltr'>nihil</span> <span class='ocrx_word' id='word_1_148' title='bbox 590 910 688 945; x_wconf 87' lang='lat' dir='ltr'>potest</span> <span class='ocrx_word' id='word_1_149' title='bbox 710 902 920 933; x_wconf 82' lang='lat' dir='ltr'>admirabilius</span> 
     </span>
     <span class='ocr_line' id='line_1_20' title="bbox 25 945 920 988; baseline 0.001 -15"><span class='ocrx_word' id='word_1_150' title='bbox 25 953 98 983; x_wconf 89' lang='lat' dir='ltr'>esse,</span> <span class='ocrx_word' id='word_1_151' title='bbox 115 945 192 975; x_wconf 89' lang='lat' dir='ltr'>nihil</span> <span class='ocrx_word' id='word_1_152' title='bbox 206 946 373 987; x_wconf 88' lang='lat' dir='ltr'>pulchrius.</span> <span class='ocrx_word' id='word_1_153' title='bbox 398 946 542 988; x_wconf 76' lang='lat' dir='ltr'>Sequitur</span> <span class='ocrx_word' id='word_1_154' title='bbox 553 947 708 977; x_wconf 78' lang='lat' dir='ltr'>stellarum</span> <span class='ocrx_word' id='word_1_155' title='bbox 720 945 920 976; x_wconf 87' lang='lat' dir='ltr'>inerrantium</span> 
     </span>
     <span class='ocr_line' id='line_1_21' title="bbox 25 987 921 1031; baseline 0.002 -15"><span class='ocrx_word' id='word_1_156' title='bbox 25 987 162 1018; x_wconf 84' lang='lat' dir='ltr'>maxima</span> <span class='ocrx_word' id='word_1_157' title='bbox 182 989 370 1027; x_wconf 86' lang='lat' dir='ltr'>multitudo;</span> <span class='ocrx_word' id='word_1_158' title='bbox 393 1000 525 1031; x_wconf 89' lang='lat' dir='ltr'>quarum</span> <span class='ocrx_word' id='word_1_159' title='bbox 544 990 587 1020; x_wconf 88' lang='lat' dir='ltr'>ita</span> <span class='ocrx_word' id='word_1_160' title='bbox 601 990 750 1030; x_wconf 81' lang='lat' dir='ltr'>descripta</span> <span class='ocrx_word' id='word_1_161' title='bbox 769 987 921 1019; x_wconf 78' lang='lat' dir='ltr'>distinctio</span> 
     </span>
     <span class='ocr_line' id='line_1_22' title="bbox 24 1031 922 1079; baseline 0.001 -19"><span class='ocrx_word' id='word_1_162' title='bbox 24 1036 88 1079; x_wconf 37' lang='lat' dir='ltr'>est,-</span> <span class='ocrx_word' id='word_1_163' title='bbox 96 1037 132 1061; x_wconf 90' lang='lat' dir='ltr'>ut</span> <span class='ocrx_word' id='word_1_164' title='bbox 146 1041 184 1063; x_wconf 82' lang='lat' dir='ltr'>ex</span> <span class='ocrx_word' id='word_1_165' title='bbox 199 1032 272 1063; x_wconf 69' lang='lat' dir='ltr'>nota</span> <span class='ocrx_word' id='word_1_166' title='bbox 287 1032 457 1074; x_wconf 83' lang='lat' dir='ltr'>figurarum</span> <span class='ocrx_word' id='word_1_167' title='bbox 476 1033 676 1064; x_wconf 86' lang='lat' dir='ltr'>similitudine</span> <span class='ocrx_word' id='word_1_168' title='bbox 691 1032 817 1063; x_wconf 87' lang='lat' dir='ltr'>nomina</span> <span class='ocrx_word' id='word_1_169' title='bbox 837 1031 922 1062; x_wconf 84' lang='lat' dir='ltr'>inve-</span> 
     </span>
     <span class='ocr_line' id='line_1_23' title="bbox 25 1080 135 1104; baseline 0.018 -2"><span class='ocrx_word' id='word_1_170' title='bbox 25 1080 135 1104; x_wconf 79' lang='lat' dir='ltr'>neunt.</span> 
     </span>
    </p>

    <p class='ocr_par' dir='ltr' id='par_1_3' title="bbox 24 1116 924 1330">
     <span class='ocr_line' id='line_1_24' title="bbox 69 1116 922 1160; baseline 0 -13"><span class='ocrx_word' id='word_1_171' title='bbox 69 1116 162 1148; x_wconf 85' lang='lat' dir='ltr'><strong>XLI.</strong></span> <span class='ocrx_word' id='word_1_172' title='bbox 196 1117 305 1160; x_wconf 90' lang='lat' dir='ltr'>Atque</span> <span class='ocrx_word' id='word_1_173' title='bbox 319 1118 377 1150; x_wconf 89' lang='lat' dir='ltr'>hoc</span> <span class='ocrx_word' id='word_1_174' title='bbox 392 1119 470 1157; x_wconf 90' lang='lat' dir='ltr'>loco,</span> <span class='ocrx_word' id='word_1_175' title='bbox 486 1129 537 1151; x_wconf 90' lang='lat' dir='ltr'>me</span> <span class='ocrx_word' id='word_1_176' title='bbox 552 1119 685 1157; x_wconf 85' lang='lat' dir='ltr'>intuens,</span> <span class='ocrx_word' id='word_1_177' title='bbox 702 1118 792 1156; x_wconf 87' lang='lat' dir='ltr'>Utar,</span> <span class='ocrx_word' id='word_1_178' title='bbox 809 1117 922 1158; x_wconf 88' lang='lat' dir='ltr'>inquit,</span> 
     </span>
     <span class='ocr_line' id='line_1_25' title="bbox 25 1159 922 1204; baseline 0 -14"><span class='ocrx_word' id='word_1_179' title='bbox 25 1159 211 1192; x_wconf 81' lang='lat' dir='ltr'>carminibus</span> <span class='ocrx_word' id='word_1_180' title='bbox 236 1162 339 1201; x_wconf 86' lang='lat' dir='ltr'>Arati,</span> <span class='ocrx_word' id='word_1_181' title='bbox 356 1162 410 1201; x_wconf 91' lang='lat' dir='ltr'>eis,</span> <span class='ocrx_word' id='word_1_182' title='bbox 427 1173 507 1204; x_wconf 83' lang='lat' dir='ltr'>quae,</span> <span class='ocrx_word' id='word_1_183' title='bbox 524 1174 542 1194; x_wconf 90' lang='lat' dir='ltr'>a</span> <span class='ocrx_word' id='word_1_184' title='bbox 565 1168 594 1193; x_wconf 84' lang='lat' dir='ltr'>te</span> <span class='ocrx_word' id='word_1_185' title='bbox 617 1161 783 1193; x_wconf 84' lang='lat' dir='ltr'>admodum</span> <span class='ocrx_word' id='word_1_186' title='bbox 807 1160 922 1191; x_wconf 81' lang='lat' dir='ltr'>adoles-</span> 
     </span>
     <span class='ocr_line' id='line_1_26' title="bbox 27 1204 922 1247; baseline 0.001 -15"><span class='ocrx_word' id='word_1_187' title='bbox 27 1204 148 1234; x_wconf 89' lang='lat' dir='ltr'>centulo</span> <span class='ocrx_word' id='word_1_188' title='bbox 163 1214 316 1243; x_wconf 86' lang='lat' dir='ltr'>conversa,</span> <span class='ocrx_word' id='word_1_189' title='bbox 333 1205 376 1235; x_wconf 87' lang='lat' dir='ltr'>ita</span> <span class='ocrx_word' id='word_1_190' title='bbox 390 1216 441 1236; x_wconf 85' lang='lat' dir='ltr'>me</span> <span class='ocrx_word' id='word_1_191' title='bbox 455 1206 616 1244; x_wconf 86' lang='lat' dir='ltr'>delectant,</span> <span class='ocrx_word' id='word_1_192' title='bbox 628 1205 701 1247; x_wconf 92' lang='lat' dir='ltr'>quia</span> <span class='ocrx_word' id='word_1_193' title='bbox 712 1204 825 1235; x_wconf 87' lang='lat' dir='ltr'>Latina</span> <span class='ocrx_word' id='word_1_194' title='bbox 840 1209 922 1240; x_wconf 87' lang='lat' dir='ltr'>sunt,</span> 
     </span>
     <span class='ocr_line' id='line_1_27' title="bbox 27 1246 924 1289; baseline 0.001 -14"><span class='ocrx_word' id='word_1_195' title='bbox 27 1251 62 1275; x_wconf 90' lang='lat' dir='ltr'>ut</span> <span class='ocrx_word' id='word_1_196' title='bbox 83 1248 184 1278; x_wconf 91' lang='lat' dir='ltr'>multa</span> <span class='ocrx_word' id='word_1_197' title='bbox 206 1258 244 1278; x_wconf 81' lang='lat' dir='ltr'>ex</span> <span class='ocrx_word' id='word_1_198' title='bbox 271 1248 308 1278; x_wconf 89' lang='lat' dir='ltr'>iis</span> <span class='ocrx_word' id='word_1_199' title='bbox 328 1249 477 1279; x_wconf 59' lang='lat' dir='ltr'>memoria</span> <span class='ocrx_word' id='word_1_200' title='bbox 504 1255 633 1279; x_wconf 88' lang='lat' dir='ltr'>teneam.</span> <span class='ocrx_word' id='word_1_201' title='bbox 666 1248 761 1289; x_wconf 87' lang='lat' dir='ltr'>Ergo,</span> <span class='ocrx_word' id='word_1_202' title='bbox 778 1254 814 1277; x_wconf 90' lang='lat' dir='ltr'>ut</span> <span class='ocrx_word' id='word_1_203' title='bbox 829 1246 924 1277; x_wconf 88' lang='lat' dir='ltr'>oculis</span> 
     </span>
     <span class='ocr_line' id='line_1_28' title="bbox 24 1289 910 1330; baseline 0.001 -11"><span class='ocrx_word' id='word_1_204' title='bbox 24 1289 144 1321; x_wconf 89' lang='lat' dir='ltr'>assidue</span> <span class='ocrx_word' id='word_1_205' title='bbox 160 1290 310 1330; x_wconf 83' lang='lat' dir='ltr'>videmus,</span> <span class='ocrx_word' id='word_1_206' title='bbox 327 1291 392 1323; x_wconf 84' lang='lat' dir='ltr'>sine</span> <span class='ocrx_word' id='word_1_207' title='bbox 407 1292 473 1322; x_wconf 67' lang='lat' dir='ltr'>ulla</span> <span class='ocrx_word' id='word_1_208' title='bbox 487 1292 669 1330; x_wconf 85' lang='lat' dir='ltr'>mutatione,</span> <span class='ocrx_word' id='word_1_209' title='bbox 686 1297 740 1321; x_wconf 87' lang='lat' dir='ltr'>aut</span> <span class='ocrx_word' id='word_1_210' title='bbox 755 1290 910 1328; x_wconf 85' lang='lat' dir='ltr'>varietate,</span> 
     </span>
    </p>
   </div>
   <div class='ocr_carea' id='block_1_3' title="bbox 69 1350 921 1436">
    <p class='ocr_par' dir='ltr' id='par_1_4' title="bbox 69 1350 921 1436">
     <span class='ocr_line' id='line_1_29' title="bbox 69 1350 748 1388; baseline 0.001 -8"><span class='ocrx_word' id='word_1_211' title='bbox 69 1351 92 1367; x_wconf 73' lang='lat'>‘⁴</span> <span class='ocrx_word' id='word_1_212' title='bbox 109 1350 227 1381; x_wconf 88' lang='lat' dir='ltr'>Caetera</span> <span class='ocrx_word' id='word_1_213' title='bbox 241 1351 388 1382; x_wconf 88' lang='lat' dir='ltr'>labuntur</span> <span class='ocrx_word' id='word_1_214' title='bbox 403 1352 491 1382; x_wconf 88' lang='lat' dir='ltr'>celeri</span> <span class='ocrx_word' id='word_1_215' title='bbox 507 1352 636 1382; x_wconf 70' lang='lat' dir='ltr'>coelestia</span> <span class='ocrx_word' id='word_1_216' title='bbox 650 1357 748 1388; x_wconf 87' lang='lat' dir='ltr'>motu,</span> 
     </span>
     <span class='ocr_line' id='line_1_30' title="bbox 70 1392 921 1436; baseline -0.001 -13"><span class='ocrx_word' id='word_1_217' title='bbox 70 1392 152 1423; x_wconf 88' lang='lat' dir='ltr'>Cum</span> <span class='ocrx_word' id='word_1_218' title='bbox 163 1395 298 1436; x_wconf 87' lang='lat' dir='ltr'>coeloque</span> <span class='ocrx_word' id='word_1_219' title='bbox 313 1395 405 1426; x_wconf 86' lang='lat' dir='ltr'>simul</span> <span class='ocrx_word' id='word_1_220' title='bbox 420 1402 582 1436; x_wconf 86' lang='lat' dir='ltr'>noctesque</span> <span class='ocrx_word' id='word_1_221' title='bbox 597 1395 721 1436; x_wconf 83' lang='lat' dir='ltr'>diesque</span> <span class='ocrx_word' id='word_1_222' title='bbox 736 1394 875 1425; x_wconf 88' lang='lat' dir='ltr'>feruntur</span> <span class='ocrx_word' id='word_1_223' title='bbox 889 1393 921 1422; x_wconf 81' lang='lat'>:&#39;&#39;</span> 
     </span>
    </p>
   </div>
   <div class='ocr_carea' id='block_1_4' title="bbox 24 1463 924 1550">
    <p class='ocr_par' dir='ltr' id='par_1_5' title="bbox 24 1463 924 1550">
     <span class='ocr_line' id='line_1_31' title="bbox 24 1463 924 1506; baseline 0 -13"><span class='ocrx_word' id='word_1_224' title='bbox 24 1473 159 1504; x_wconf 90' lang='lat' dir='ltr'>quorum</span> <span class='ocrx_word' id='word_1_225' title='bbox 170 1466 425 1506; x_wconf 82' lang='lat' dir='ltr'>contemplatione</span> <span class='ocrx_word' id='word_1_226' title='bbox 434 1466 549 1497; x_wconf 90' lang='lat' dir='ltr'>nullius</span> <span class='ocrx_word' id='word_1_227' title='bbox 562 1464 676 1506; x_wconf 87' lang='lat' dir='ltr'>expleri</span> <span class='ocrx_word' id='word_1_228' title='bbox 684 1469 782 1506; x_wconf 86' lang='lat' dir='ltr'>potest</span> <span class='ocrx_word' id='word_1_229' title='bbox 791 1463 924 1500; x_wconf 84' lang='lat' dir='ltr'>animus,</span> 
     </span>
     <span class='ocr_line' id='line_1_32' title="bbox 25 1509 652 1550; baseline 0.002 -13"><span class='ocrx_word' id='word_1_230' title='bbox 25 1513 144 1538; x_wconf 87' lang='lat' dir='ltr'>naturae</span> <span class='ocrx_word' id='word_1_231' title='bbox 159 1509 361 1540; x_wconf 80' lang='lat' dir='ltr'>constantiam</span> <span class='ocrx_word' id='word_1_232' title='bbox 378 1509 479 1540; x_wconf 85' lang='lat' dir='ltr'>videre</span> <span class='ocrx_word' id='word_1_233' title='bbox 494 1509 652 1550; x_wconf 90' lang='lat' dir='ltr'>cupientis.</span> 
     </span>
    </p>
   </div>
   <div class='ocr_carea' id='block_1_5' title="bbox 67 1567 866 1653">
    <p class='ocr_par' dir='ltr' id='par_1_6' title="bbox 67 1567 866 1653">
     <span class='ocr_line' id='line_1_33' title="bbox 67 1567 866 1610; baseline -0.004 -12"><span class='ocrx_word' id='word_1_234' title='bbox 67 1569 91 1586; x_wconf 89' lang='lat'><strong>“</strong></span> <span class='ocrx_word' id='word_1_235' title='bbox 107 1567 338 1609; x_wconf 86' lang='lat' dir='ltr'>Extremusque</span> <span class='ocrx_word' id='word_1_236' title='bbox 353 1569 428 1600; x_wconf 86' lang='lat' dir='ltr'>adeo</span> <span class='ocrx_word' id='word_1_237' title='bbox 442 1568 559 1610; x_wconf 87' lang='lat' dir='ltr'>duplici</span> <span class='ocrx_word' id='word_1_238' title='bbox 573 1568 611 1599; x_wconf 87' lang='lat' dir='ltr'>de</span> <span class='ocrx_word' id='word_1_239' title='bbox 622 1567 745 1599; x_wconf 83' lang='lat' dir='ltr'>cardine</span> <span class='ocrx_word' id='word_1_240' title='bbox 761 1571 866 1597; x_wconf 87' lang='lat' dir='ltr'>vertex</span> 
     </span>
     <span class='ocr_line' id='line_1_34' title="bbox 70 1610 407 1653; baseline 0.009 -13"><span class='ocrx_word' id='word_1_241' title='bbox 70 1610 193 1641; x_wconf 86' lang='lat' dir='ltr'>Dicitur</span> <span class='ocrx_word' id='word_1_242' title='bbox 209 1622 271 1642; x_wconf 85' lang='lat' dir='ltr'>esse</span> <span class='ocrx_word' id='word_1_243' title='bbox 285 1612 407 1653; x_wconf 83' lang='lat' dir='ltr'>polus.&#39;&#39;</span> 
     </span>
    </p>
   </div>
   <div class='ocr_carea' id='block_1_6' title="bbox 15 1679 927 1758">
    <p class='ocr_par' dir='ltr' id='par_1_7' title="bbox 15 1679 927 1758">
     <span class='ocr_line' id='line_1_35' title="bbox 22 1679 927 1724; baseline -0.001 -13"><span class='ocrx_word' id='word_1_244' title='bbox 22 1681 118 1712; x_wconf 86' lang='lat' dir='ltr'>Hunc</span> <span class='ocrx_word' id='word_1_245' title='bbox 134 1682 250 1714; x_wconf 76' lang='lat' dir='ltr'>circum</span> <span class='ocrx_word' id='word_1_246' title='bbox 275 1686 380 1724; x_wconf 77' lang='grc' dir='ltr'><strong><em>Αρκτοι</em></strong></span> <span class='ocrx_word' id='word_1_247' title='bbox 401 1682 471 1714; x_wconf 85' lang='lat' dir='ltr'>duae</span> <span class='ocrx_word' id='word_1_248' title='bbox 494 1682 646 1722; x_wconf 86' lang='lat' dir='ltr'>feruntur,</span> <span class='ocrx_word' id='word_1_249' title='bbox 662 1689 828 1723; x_wconf 86' lang='lat' dir='ltr'>nunquam</span> <span class='ocrx_word' id='word_1_250' title='bbox 850 1679 927 1711; x_wconf 89' lang='lat' dir='ltr'>occi-</span> 
     </span>
     <span class='ocr_line' id='line_1_36' title="bbox 15 1725 129 1758; baseline 0.018 -2"><span class='ocrx_word' id='word_1_251' title='bbox 15 1725 129 1758; x_wconf 72' lang='lat' dir='ltr'>dentes.</span> 
     </span>
    </p>
   </div>
  </div>
 </body>
</html>
