1226 1935
247 87 308 119 DE
333 87 440 119 NAT.
457 86 595 119 DEOR.
622 87 702 119 Lm.
720 88 747 118 1.
762 87 848 118 ΟΜ».
865 87 918 118 29.
963 84 1023 116 321

137 183 209 203 esse.
244 173 286 204 Et
301 174 424 215 quidem
440 174 566 204 formica
577 173 720 204 formica>-
745 173 804 204 Sed
820 178 922 203 tamen
939 172 1027 211 cujus

139 216 289 247 hominis.
282 219 295 238 ‘³
320 224 430 258 quotus
446 217 527 247 enim
543 217 671 258 quisque
683 217 832 247 formosus
842 221 907 246 est
899 218 913 237 '²
930 215 1029 244 Athe-

140 259 186 289 nis
203 270 272 290 cum
299 270 405 297 essem,
431 270 448 290 e
471 260 613 300 gregibus
635 260 821 308 epheborum
843 259 894 288 vix
918 256 1031 305 singuli

139 303 374 343 reperiebantur.
400 303 429 333 V
432 302 510 339 ideo,
528 302 602 343 quid
618 302 771 332 arriseris.
796 301 847 332 sed
863 307 965 331 tamen
988 300 1032 329 ita

140 355 185 375 res
196 355 226 375 se
237 345 336 375 habet.
362 345 481 376 Deinde
493 345 590 381 nobis,
607 346 672 386 qui,
683 344 915 375 concedentibus
931 342 1032 383 philo-

140 388 241 436 sophis
276 388 420 429 antiquis,
455 388 684 418 adolescentulis
713 387 910 424 delectamur,
941 385 1033 416 etiam

141 430 214 460 vitia
235 441 313 471 saepe
330 431 467 470 jucunda
488 438 567 462 sunt.
602 431 717 461 Naevus
743 431 775 460 in
797 430 924 460 articulo
948 427 1035 469 pueri

141 473 308 503 delectabat
322 474 383 504 Alc
385 484 476 504 ¹eum.
500 476 547 504 At
558 481 602 504 est
613 473 744 514 corporis
758 473 890 508 macula,
906 481 1033 501 naevus:

141 516 186 545 1111
208 523 308 546 tamen
333 517 389 546 hoc
404 517 509 547 lumen
527 517 692 547 videbatur.
726 516 767 554 Q.
785 515 925 551 Catulus,
942 513 1036 552 hujus

141 559 263 600 collegae
275 565 304 589 et
320 559 476 590 familiaris
492 560 596 597 nostri,
613 566 709 600 pater,
726 559 833 589 dilexit
847 557 1035 597 municipem

142 608 232 632 tuum
249 602 396 632 Roscium
409 614 418 639 ς
444 603 475 632 111
492 613 584 644 quem
600 603 691 632 etiam
707 602 784 632 illud
800 607 844 632 est
858 601 943 640 ejus:

185 663 208 678 “
225 661 439 700 Constiteram,
465 661 650 692 exorientem
674 663 832 692 Auroram
856 660 933 691 forte
956 658 1038 689 salu-

274 710 352 741 tans,

229 747 310 777 Cum
327 747 427 777 subito
442 758 460 777 a
474 747 552 778 laevsst
569 747 697 778 Roscius
713 746 857 777 exoritur.

189 790 267 820 Pace
283 790 359 819 mihi
375 791 473 828 liceat,
488 791 639 829 Coelestes,
657 791 754 820 dicere
769 789 889 826 vestrim

229 833 372 863 Mortalis
387 833 468 863 visus
483 833 638 874 pulchrior
654 844 716 864 esse
732 833 833 863 Deo.''

147 903 241 940 Huic,
259 903 328 934 Deo
349 904 524 945 pulchrior:
549 910 580 934 at
600 910 673 941 erat,
696 904 773 934 sieut
791 903 882 933 hodie
900 908 954 939 est,
972 912 1040 943 per-

145 946 322 977 versissimis
344 948 447 978 oculis.
481 948 567 985 Quid
591 947 680 977 refert
694 949 708 977 ?
731 947 757 977 51
780 946 836 976 hoc
858 946 960 987 ipsum
982 945 1041 976 sal-

147 999 215 1018 sum
230 989 275 1019 illi
291 996 320 1020 et
335 997 498 1020 venustum
513 990 682 1021 videbatur.

190 1032 319 1063 XXIX.
338 1033 443 1063 Redeo
457 1033 496 1063 ad
509 1033 600 1064 Deos.
624 1033 759 1074 Ecquos,
776 1032 801 1063 si
815 1042 876 1062 non
889 1037 953 1062 tam
965 1037 1042 1062 stra-

146 1076 251 1113 bones,
277 1081 308 1105 at
328 1077 467 1117 paetulos,
485 1087 547 1107 esse
563 1076 744 1106 arbitramur
755 1077 769 1106 ⁴?
793 1085 903 1116 ecquos
918 1084 1040 1105 naevum

148 1117 283 1149 habere?
307 1129 416 1160 ecquos
441 1120 522 1157 silos,
548 1119 665 1156 flaccos,
688 1119 853 1155 frontones,
875 1119 1041 1159 capitones,

149 1171 219 1201 quae
242 1168 312 1192 sunt
332 1162 363 1191 in
388 1162 500 1193 nobis?
523 1172 562 1192 an
589 1162 691 1192 omnia
714 1161 873 1192 emendata
899 1161 930 1190 in
955 1160 1042 1190 illis?

150 1203 251 1234 Detur
266 1204 298 1234 id
314 1205 407 1235 vobis.
432 1205 522 1235 Num
534 1205 625 1236 etiam
642 1211 685 1235 est
697 1215 759 1235 una
770 1204 910 1235 omnium
926 1203 1016 1234 facies
1027 1204 1042 1234 ἲ

149 1256 234 1285 nam,
257 1248 281 1277 si
296 1248 409 1288 plures,
426 1248 519 1278 aliam
540 1259 602 1279 esse
618 1248 678 1278 alia
693 1247 909 1289 pulchriorem,
925 1256 1045 1277 necesse

149 1295 202 1320 est.
228 1290 329 1330 Igitur
350 1291 460 1332 aliquis
476 1301 536 1321 non
557 1291 780 1332 pulcherrimus
800 1290 896 1321 Deus.
930 1290 963 1320 Si
983 1299 1046 1319 una

151 1333 291 1363 omnium
308 1333 397 1364 facies
413 1340 467 1372 est,
489 1334 594 1364 florere
614 1334 646 1364 in
666 1335 739 1364 coelo
754 1333 968 1368 Academiam,
992 1342 1046 1362 ne-

151 1386 230 1406 cesse
245 1382 297 1406 est.
322 1377 355 1405 si
370 1377 452 1407 enim
468 1377 545 1407 nihil
561 1378 638 1407 inter
649 1377 752 1407 Deum
763 1383 792 1407 et
802 1377 907 1406 Deum
922 1375 1044 1411 differt;

153 1419 239 1449 nulla
254 1426 298 1449 est
312 1420 395 1460 apud
411 1419 493 1450 Deos
509 1420 651 1460 cognitio,
667 1420 754 1449 nulla
769 1419 931 1460 perceptio.

198 1462 295 1501 Quid,
318 1463 342 1492 si
363 1463 466 1499 etiam,
484 1463 595 1500 Vellei,
617 1463 730 1492 falsum
750 1462 828 1492 illud
842 1461 971 1491 omnino
990 1466 1047 1499 est,

155 1505 274 1535 nullam
295 1506 387 1535 aliam
410 1506 507 1542 nobis,
530 1506 568 1536 de
582 1505 651 1536 Deo
672 1505 884 1546 cogitantibus,
907 1504 1049 1545 speciem,

155 1548 214 1578 nisi
229 1548 372 1585 hominis,
389 1559 542 1579 occurrere
553 1550 567 1578 Ρ
590 1548 751 1578 Tamenne
770 1548 827 1578 ista
842 1554 904 1577 tam
921 1546 1052 1577 absurda

157 1590 324 1621 defendes?
350 1591 449 1621 Nobis
464 1591 587 1621 fortasse
607 1591 647 1621 sic
668 1591 808 1628 occurrit,
825 1597 860 1620 ut
874 1589 969 1620 dicis:
994 1589 1053 1620 Jo-

157 1643 239 1671 vem,
255 1634 425 1671 Junonem,
443 1635 630 1673 Minervam,
648 1634 843 1675 Neptunum,
861 1633 1052 1669 Vulcanum,

158 1676 351 1717 Apollinem,
379 1677 511 1718 reliquos
534 1677 628 1715 Deos,
654 1687 690 1707 ea
713 1677 789 1707 facie
814 1675 966 1713 novimus,
992 1686 1056 1716 qua.

158 1719 286 1759 pictores
310 1719 487 1761 fictoresque
511 1720 692 1751 voluerunt:
716 1729 818 1761 neque
842 1718 941 1749 solum
966 1717 1055 1756 facie,

159 1762 210 1794 sed
236 1762 328 1793 etiam
354 1768 475 1802 ornatu,
506 1769 605 1801 aetate,
636 1768 729 1803 atque
755 1761 878 1793 vestitu.
916 1761 963 1792 At
994 1770 1056 1791 non
