1226 1935
281 63 408 95 TUSC.
425 62 598 102 QUAEST.
613 62 692 94 11113.
710 63 757 94 ΙΙ.
775 62 859 95 CAP.
873 65 904 95 8.
974 65 1031 96 161

140 159 211 182 men
227 150 355 180 malum.
389 149 462 188 Hic,
479 149 533 191 qui
547 159 609 180 non
625 150 724 181 solum
739 150 796 180 hoc
810 150 929 180 malum
949 150 1033 189 dicit,

139 194 193 224 sed
208 194 358 223 malorum
374 193 512 223 omnium
534 199 717 231 extremum,
742 193 907 234 sapientem
931 200 1031 225 censet

141 237 173 266 id
194 246 284 267 suave
304 236 456 266 dicturum
471 236 477 266 !
503 236 573 275 Ego
591 247 609 266 a
629 242 658 266 te
674 245 734 266 non
750 236 880 276 postulo,
898 242 933 266 ut
948 237 1033 267 dolo-

141 289 206 310 rem
221 279 333 309 eisdem
347 279 443 309 verbis
459 279 580 315 afficias,
598 279 710 319 quibus
725 279 878 319 Epicums
893 280 1033 320 volupta-

141 328 215 359 tem,
237 322 328 352 honio
352 323 400 355 (ut
422 322 490 359 scis)
514 322 710 362 voluptarius.
744 322 803 352 Ille
827 321 938 352 dixerit
963 333 1034 352 sane

139 364 221 395 idem
244 365 275 394 in
297 364 467 395 Phalaridis
487 370 584 402 tauro,
609 365 703 405 quod,
725 365 749 394 si
765 371 840 395 esset
855 365 886 394 in
901 365 1011 395 lectulo
1023 377 1031 384 ·

139 417 196 448 ego
218 413 334 437 tantam
356 408 416 438 vim
433 418 493 437 non
510 408 610 438 tribuo
625 408 753 448 sapienti
768 414 871 438 contra
886 407 1031 438 dolorem.

138 451 187 480 Sit
201 450 286 480 fortis
301 450 332 480 111
348 450 547 491 Ρθῑῖετεηιῑος
572 450 669 480 officio
685 451 755 480 satis
771 457 815 481 est
828 462 836 480 z
862 456 897 480 ut
911 451 1030 481 laetctur

138 493 242 528 etiam,
259 503 320 523 non
335 494 464 534 postulo.
502 493 613 523 Tristis
628 494 709 523 enim
725 504 770 524 res
786 500 830 523 est
846 493 910 523 sine
925 494 1030 531 dubio,

137 546 253 577 aspera,
267 546 380 572 amara,
392 536 514 567 inimica
523 543 650 573 naturae„
662 537 701 566 ad
712 536 889 577 patiendum
902 537 1032 567 toleran-

137 579 275 620 dumque
293 579 430 609 difficilis.
465 579 600 620 Adspice
623 579 837 617 Philoctetam,
854 580 903 610 cui
925 590 1030 610 conce-

137 622 275 652 dendum
290 628 333 652 est
348 622 500 662 gementi:
525 622 626 663 ipsum
639 623 720 652 enim
734 623 900 653 Herculem
914 622 1029 653 viderat

136 665 169 694 in
185 665 261 695 OEta
275 665 486 705 magnitudine
501 665 640 695 dolorum
655 666 830 704 ejulantem.
865 665 955 696 Nihil
973 666 1030 706 igi-

137 713 187 738 tur
202 708 284 738 hunc
298 708 398 738 virum
413 708 541 749 sagittae,
558 719 634 749 quas
656 709 694 739 ab
711 709 846 739 Hercule
861 715 1026 750 acceperat,

137 756 204 781 tum
218 751 433 788 consolantur;
458 762 528 781 cum

179 807 202 823 “
218 805 246 836 Ε
263 806 398 846 viperino
409 815 524 843 morsu,
542 815 626 836 venae
641 805 802 841 viseerum,

178 848 305 880 Veneno
320 849 458 886 imbutae,
472 855 562 878 tetros
574 848 723 878 cruciatus
738 849 850 879 cient.”

133 902 244 944 Itaque
252 903 412 941 exclamat,
429 901 580 932 auxilium
595 907 749 942 expetens,
766 902 845 932 mori
856 902 979 943 cupiens
993 915 1000 932 :

177 964 201 981 “
219 963 291 993 Heu
304 963 311 992 !
337 962 405 1003 quis
420 962 504 992 salsis
520 961 658 992 fluctibu'
674 961 800 992 mandet

176 1005 235 1036 Me
250 1016 288 1036 ex
303 1006 428 1036 sublimi
443 1005 551 1035 vertice
567 1005 633 1035 saxi
646 1006 660 1035 Ρ

176 1049 315 1087 Jamjam
331 1049 493 1084 absumor3
518 1048 638 1078 conficit
651 1047 788 1078 animam

178 1091 270 1133 [Vis]
284 1091 426 1129 vulneris,
443 1091 551 1121 ulceris
566 1096 666 1121 aestus.

132 1145 266 1176 Difficile
292 1144 375 1176 dictu
399 1144 528 1183 videtur,
554 1154 624 1175 eum
650 1154 712 1174 non
738 1144 770 1174 in
792 1145 874 1175 malo
898 1154 971 1184 esse,
995 1151 1025 1176 et

131 1199 244 1229 magno
259 1188 396 1230 quidem,
413 1188 466 1229 qui
480 1188 523 1218 ita
538 1188 667 1218 clamare
682 1193 816 1228 cogatur.

177 1232 275 1263 VIII.
310 1231 371 1262 Sed
392 1231 548 1261 videamus
569 1231 736 1261 Herculem
752 1231 866 1271 ipsum,
884 1230 937 1272 qui
955 1236 1022 1261 tum

131 1275 235 1306 dolore
253 1274 460 1315 frangebatur,
477 1284 547 1304 cum
568 1274 854 1304 immortalitatem·
846 1284 912 1314 ipsa
926 1280 1023 1304 morte

131 1319 296 1360 quaerebat.
324 1317 411 1355 Quas
424 1317 474 1347 hic
489 1327 585 1354 voces,
603 1316 685 1357 apud
700 1317 904 1357 Sophoclem
896 1327 927 1347 m
943 1317 1023 1346 'Ira-

128 1361 250 1399 chiniis,
272 1361 354 1391 edit.
347 1363 360 1383 '³
384 1360 433 1391 cui
453 1370 524 1390 cum
548 1359 610 1390 Dei'
611 1359 696 1389 anira
718 1359 865 1400 sanguine
887 1360 1022 1390 centauri

130 1405 256 1435 tinctam
276 1403 412 1434 tunicam
429 1403 586 1442 induisset,
602 1402 828 1444 inhaesissetque
848 1413 883 1433 ea
903 1402 1021 1434 visceri·-

129 1449 199 1484 bus,
216 1447 258 1478 ait
267 1447 338 1477 ille:

173 1504 196 1520 “
212 1501 243 1533 Ο
258 1501 358 1532 multa
372 1500 455 1531 dictu
470 1500 585 1545 gravia,
601 1509 744 1541 perpessu
759 1509 875 1540 aspera,

171 1545 253 1583 Quae
264 1555 385 1586 corpore
400 1542 564 1582 exantlavi,
580 1549 671 1584 atque
686 1542 788 1572 animo
803 1542 937 1583 pertuli!

170 1589 240 1619 Nec
254 1588 331 1618 mihi
345 1588 368 1618 J
370 1597 479 1618 unoms
493 1593 587 1617 terror
602 1585 818 1626 implacabilis,

171 1631 204 1661 N
207 1641 238 1661 ec
253 1636 373 1661 tantum
388 1629 504 1660 invexit
519 1629 609 1660 tristis
624 1628 815 1670 Eurystheus
826 1627 913 1667 mali,

168 1674 333 1712 Quantum
348 1683 410 1703 una
425 1683 537 1711 vecors,
555 1672 647 1702 OEnei
663 1677 752 1720 partu
767 1671 856 1701 edita.

171 1718 248 1748 Haec
263 1727 312 1747 me
327 1715 453 1747 irretivit
466 1721 547 1746 veste
562 1714 687 1745 furiali'
679 1714 822 1762 luscium,

169 1761 261 1799 Quae,
277 1759 363 1792 lateri
374 1759 536 1798 inhaerens,
552 1768 654 1789 morsu
669 1758 780 1830 lacer3at
796 1757 917 1793 viscera.

697 1809 716 1831 Ρ
