1226 1935
262 67 324 99 DE
348 68 644 107 FINIBUS,1111³.
662 66 722 99 IV.
739 66 823 98 CAP.
839 66 892 97 28.
979 62 1018 93 61

134 162 222 183 aun·
212 175 222 189 φ
246 154 320 185 item
342 165 428 196 aeque
448 160 561 196 peccat,
577 154 631 196 qui
651 159 820 195 parentem,
839 157 869 183 et
888 151 941 192 qui
962 159 1024 180 ser-

135 206 219 233 vum,
235 197 348 246 injuria
363 199 508 228 verberat.
533 198 596 228 Hic
612 207 673 227 non
684 197 753 227 vxd‹
746 207 798 233 re,
809 196 926 234 cujus
907 192 1025 224 «veneris

133 248 211 269 onus
226 240 310 270 navis
325 240 426 277 vehat,
443 241 481 271 ad
503 239 712 281 gubernatoris
727 245 822 269 artem
839 227 916 268 nihil
931 235 1024 277 perti-

133 291 225 317 nere;
250 283 378 324 ita-que,
395 294 504 314 aurum
519 284 677 332 paleamve
691 288 800 324 portet,
817 282 856 311 ad
874 282 950 310 bene
970 283 1024 308 aut

133 325 173 354 ad
187 305 268 356 1111118
282 327 527 366 gubernandum,
544 327 619 356 1111111
636 326 801 356 interesse?
825 325 872 354 At
887 321 984 364 quid*
977 331 1025 350 m-

134 372 179 398 ter
200 376 356 409 parentem
373 375 402 400 et
417 371 571 400 servulum
586 369 713 405 intersit,
735 367 864 408 intelligi
883 372 912 396 et
926 369 1025 406 potest

135 417 165 440 81
179 411 277 442 debet.
300 412 407 452 Ergo
400 423 431 442 m
446 412 643 453 gubernando
659 412 747 448 nihil,
764 411 795 440 in
812 409 909 441 officio
929 407 1026 449 pluri-

134 463 222 484 mum
237 455 369 493 interest,
386 466 447 496 quo
462 456 493 485 in
509 466 617 496 genere
632 461 792 496 peccetur:
818 459 857 491 et,
870 452 904 488 si,
918 452 949 481 in
959 450 1026 491 ipsa

134 498 364 546 gubernatione,
381 498 564 539 negligentia
579 504 623 528 est
638 498 722 528 navis
738 507 849 532 eversa,
865 495 967 534 majus
982 497 1027 523 est

135 546 293 580 peccatum
315 541 347 570 in
372 552 446 572 auro
472 552 565 582 quam
590 541 622 571 in
645 541 742 582 pale-1.
766 539 922 571 Omnibus
944 536 1026 567 enim

134 584 250 614 artibus
265 585 406 615 volumus
422 585 599 615 attributam
620 595 683 614 esse
703 594 782 619 eam,
800 593 869 623 quae
889 590 1027 611 commu-

135 626 182 656 nis
197 627 368 668 appellatur
383 628 563 668 prudentia·
588 638 682 668 quam
702 637 818 663 omnes,
841 625 895 666 qui
917 624 1028 664 cuique

134 670 261 700 artificio
283 678 428 711 praesunt,
445 671 556 701 debent
578 670 782 701 habere.1ta
799 679 837 700 ne
857 669 914 699 hoc
934 666 1028 697 modo

136 713 221 753 paria
235 714 359 754 quidem
375 721 497 755 peccata
512 721 592 744 sunt.

179 757 346 787 XXVIII.
393 758 512 797 Urgent
540 763 654 793 tamen,
685 762 715 787 et
744 756 819 786 nihil
856 755 1026 785 remittunt.

136 799 304 837 Quoniam,
318 800 473 841 inquiunt,
490 810 580 830 omne
596 806 753 840 peccatum
769 798 983 829 imbecillitatis
999 802 1028 827 et

135 843 344 873 inconstantia?
359 850 413 879 est,
430 843 494 873 haec
509 850 612 873 autem
635 843 708 873 vitia
723 843 754 872 in
771 843 913 872 omnibus
929 840 1029 871 stultis

136 897 222 926 reque
245 896 358 926 magna
381 893 473 921 sunt;
497 896 615 916 necesse
641 892 685 916 est
708 886 793 926 paria
811 896 873 915 esse
895 889 1027 925 peccata.

135 929 234 966 Quasi
255 940 324 959 vero
347 936 399 959 aut
415 929 605 966 concedatur,
622 930 654 959 in
670 929 813 959 omnibus
828 928 927 957 stultis
943 937 1030 967 aeque

135 981 248 1023 magna
272 982 334 1002 esse
360 973 443 1007 vitia,
461 978 490 1002 et
513 972 618 1003 eadem
641 972 847 1002 imbecillitate
870 977 899 1001 et
925 971 1029 1000 incon-

136 1015 247 1045 stantia
263 1015 301 1045 L.
319 1016 482 1045 Tubulum
498 1015 600 1053 fuisse,
617 1027 679 1056 qua
694 1015 795 1053 illum,
815 1015 901 1053 cujus
916 1013 941 1043 is
957 1022 1028 1043 con-

136 1058 297 1088 demnatus
313 1065 356 1089 est
366 1058 530 1099 rogatione,
544 1059 579 1088 Ρ.
594 1059 780 1093 Scaevolamg
806 1063 834 1087 et
851 1057 937 1098 quasi
952 1055 1030 1086 nihil

137 1101 215 1131 inter
230 1112 275 1131 res
291 1112 413 1143 quoque
428 1102 518 1142 ipsas,
543 1101 574 1131 in
595 1102 707 1142 quibus
723 1107 874 1142 peccatur,
891 1099 1027 1130 intersit·
1018 1121 1028 1134 ,

136 1150 182 1181 111,
199 1155 260 1185 quo
275 1145 323 1175 hae
334 1146 463 1184 majores
478 1145 647 1175 minoresve
663 1144 733 1181 sint,
751 1155 797 1181 eo,
814 1155 883 1184 quae
905 1151 1030 1184 peccen-

136 1193 187 1217 tur
202 1188 232 1217 in
248 1188 295 1218 his
310 1189 410 1224 rebus,
428 1194 481 1218 aut
495 1189 613 1227 majora
628 1188 688 1218 sint
703 1193 756 1218 aut
770 1187 898 1217 minora.

182 1231 292 1272 Itaque
307 1232 384 1270 (jam
397 1231 478 1262 enim
491 1231 686 1261 concludatur
698 1230 805 1267 oratio)
818 1230 875 1260 hoc
884 1239 947 1259 uno
958 1228 1032 1259 vitio

137 1274 272 1304 maxime
283 1275 361 1304 mihi
375 1275 473 1315 premi
488 1274 629 1304 videntur
638 1274 683 1303 tui
694 1274 798 1309 Stoici,
812 1273 894 1314 quod
905 1283 935 1303 se
944 1281 1032 1320 posse

137 1323 247 1358 putant
256 1317 331 1347 duas
341 1318 503 1348 contrarias
513 1317 674 1347 sententias
687 1317 830 1347 obtinere.
850 1316 936 1354 Quid
949 1315 1031 1345 enim

137 1366 181 1391 est
196 1367 259 1390 tam
274 1371 458 1402 repugnans,
475 1371 570 1401 quam
586 1360 729 1390 eumdem
751 1360 859 1397 dicere,
877 1358 959 1400 quod
974 1358 1031 1388 ho-

139 1410 260 1434 nestum
281 1403 330 1441 sit,
350 1404 449 1434 solum
468 1404 499 1433 id
514 1405 630 1434 bonum
646 1414 719 1440 esse,
737 1403 791 1443 qui
806 1403 897 1439 dicat,
914 1401 1031 1442 appeti-

137 1447 251 1477 tionem
266 1457 368 1476 rerum
384 1447 422 1477 ad
438 1458 485 1477 mv
489 1447 602 1477 endum
626 1446 923 1477 accommodatarum
945 1455 963 1474 a
977 1454 1032 1474 na-

139 1489 207 1520 tura
229 1489 393 1530 profectam
407 1492 421 1520 Ρ
446 1491 506 1528 Ita,
529 1500 599 1520 cum
623 1500 659 1520 ea
682 1490 790 1520 volunt
814 1489 941 1519 retinere
964 1498 1034 1528 quae

139 1533 285 1573 superiori
303 1533 458 1563 sententiae
484 1533 679 1569 conveniunt,
702 1532 733 1562 in
755 1532 933 1562 Aristonem
958 1531 1034 1560 inci-

138 1576 236 1605 dunt:
260 1586 330 1606 cum
356 1576 388 1606 id
412 1576 555 1616 fugiunt3
580 1587 612 1607 re
634 1575 739 1606 eadem
763 1575 941 1611 defendunt,
963 1584 1033 1614 quae

141 1619 353 1659 Peripatetici;
392 1621 484 1649 verba
513 1625 617 1649 tenent
646 1619 810 1655 mordicus,
837 1629 906 1659 quae
930 1627 1035 1647 rursus

139 1661 214 1691 dum
231 1661 287 1691 sibi
311 1662 398 1692 evelli
421 1673 458 1692 ex
479 1673 530 1692 ore
552 1663 673 1699 nolunt,
693 1662 873 1692 horridiores
885 1660 1031 1696 evadunt,

139 1704 314 1745 asperiores,
331 1705 477 1741 duriores,
494 1711 524 1735 et
538 1706 673 1736 oratione
686 1711 715 1735 et
729 1705 875 1735 moribus.

199 1748 305 1785 Quam
326 1747 447 1778 illorum
473 1748 627 1779 tristitiam
658 1754 749 1790 atque
771 1747 963 1789 asperitatem
984 1745 1033 1776 fu·

183 1791 333 1829 (Philas.)
351 1800 434 1822 vor„
453 1801 510 1822 111.
751 1800 771 1821 G
