1180 1935
165 38 226 70 DE
243 38 351 70 NAT.
368 37 506 69 DEOR.
523 37 603 68 Lm.
620 37 667 68 11.
685 36 768 69 clm.
785 37 836 68 63.
881 39 944 69 395

55 124 183 163 mundo,
214 125 325 167 quibus
347 130 473 155 utantur
494 123 643 162 homines,
671 123 831 156 hominum
855 125 946 156 causa

55 168 135 199 facta
150 179 212 199 esse
228 175 257 199 et
272 173 385 209 parata.

100 212 211 242 LXII.
244 211 398 251 Principio
424 210 488 251 ipse
509 210 656 247 mundus,
682 210 819 242 Deorum
846 212 945 242 homi-

57 265 195 295 numque
212 254 313 291 causa,
338 254 435 284 factus
458 259 521 290 est;
546 265 675 294 quaeque
696 254 726 284 in
753 265 788 285 eo
812 262 893 289 sunt,
911 266 946 285 ea

57 304 163 339 parata
188 298 227 328 ad
250 297 382 328 fructum
405 297 565 328 hominum
589 303 618 327 et
639 297 762 327 inventa
784 305 863 328 sunt.
887 298 946 328 Est

56 341 137 371 enim
154 341 288 371 mundus
300 340 386 381 quasi
401 340 571 370 communis
587 340 725 370 Deorum
741 346 831 381 atque
845 341 945 371 homi-

56 393 132 414 num
148 384 268 420 domus,
285 390 338 414 aut
358 385 430 414 urbs
450 389 658 424 utrorumque.
697 383 760 414 Soli
783 384 875 420 enim,
898 394 946 414 ra-

56 427 137 457 tione
151 433 281 463 utentes,
296 428 363 466 jure
379 437 413 457 ac
428 427 493 467 lege
506 426 621 456 vivunt.
646 426 690 456 Ut
701 426 794 466 igitur
804 427 945 457 Athenas

56 476 85 500 et
103 470 363 504 Lacedaemonem,
381 470 616 500 Atheniensium
630 469 945 500 Lacedaemoniorum-

56 523 116 554 que
136 514 236 550 causa,
253 512 425 551 putandum
446 518 490 543 est
507 513 641 543 conditas
663 523 746 548 esse:
770 513 946 553 omniaque,

56 567 126 596 quae
141 556 241 587 sintin
256 557 303 586 his
317 556 455 592 urbibus,
472 566 576 586 corum
592 556 776 596 populorum
792 561 870 586 recte
885 566 947 586 esse

56 599 220 630 dicuntur:
250 600 302 637 sic,
330 609 531 640 quaecumque
558 605 629 629 sunt
654 599 685 629 in
711 599 795 629 omni
817 599 946 636 mundo,

57 641 196 673 Deorum
211 648 302 684 atque
317 643 478 673 hominum
494 642 630 682 putanda
646 648 724 672 sunt.

100 686 175 716 Jam
198 696 267 716 vero
286 686 427 716 circuitus
448 685 517 715 solis
540 691 569 715 et
590 685 682 722 lunae,
699 685 946 726 reliquorumque

57 728 201 765 siderum,
218 739 407 770 quamquam
430 728 520 758 etiam
542 728 581 758 ad
602 729 711 758 mundi
734 728 946 758 cohaerentiam

56 772 217 813 pertinent,
233 778 335 802 tamen
351 778 379 802 et
391 772 595 812 spectaculum
605 771 780 802 hominibus
789 773 946 812 praebent;

57 815 143 845 nulla
158 821 202 846 est
217 815 297 845 enim
313 815 510 845 insatiabilior
528 815 649 855 species,
672 815 758 845 nulla
779 815 945 855 pulchrior,

57 864 87 889 et
112 858 151 888 ad
174 859 321 889 rationem
347 858 572 898 sollertiamque
597 858 785 898 praestantior
798 869 806 887 ε
841 868 947 888 eorum

59 902 141 932 enim
165 912 268 932 cursus
283 901 430 938 dimetati,
446 901 634 931 maturitates
650 907 833 942 temporum,
851 906 881 931 et
895 911 947 931 va-

56 945 175 975 rietates
189 945 443 985 mutationesque,
454 944 649 984 cognovimus
661 955 668 974 :
694 955 762 985 quae
778 944 801 974 si
816 943 949 974 homini-

58 989 115 1018 bus
131 988 199 1018 solis
215 994 286 1018 nota
301 994 382 1025 sunt,
403 987 564 1018 hominum
579 988 658 1018 facta
673 998 735 1018 esse
755 987 846 1018 causa
863 987 947 1026 judi-

58 1031 155 1062 canda
170 1037 249 1061 sunt.

107 1074 206 1104 Terra
228 1084 309 1111 vero,
333 1074 394 1104 feta
416 1073 567 1115 frugibus,
595 1079 624 1104 et
648 1074 730 1104 vario
753 1073 946 1114 leguminum

57 1127 177 1158 genere,
194 1128 263 1158 quae
278 1127 348 1148 cum
364 1117 501 1147 maxima
518 1117 656 1157 largitate
678 1117 790 1153 fundit,
808 1127 854 1154 ea,
870 1116 949 1147 fera-

58 1171 168 1191 rumne
186 1171 225 1191 an
240 1161 401 1190 hominum
416 1160 517 1197 causa,
539 1161 661 1201 gignere
683 1160 826 1190 videtur?
861 1159 948 1198 Quid

59 1203 97 1234 de
111 1204 224 1234 vitibus
238 1204 414 1245 olivetisque
428 1203 527 1234 dicam
539 1206 552 1234 Ρ
587 1214 716 1244 quarum
735 1203 881 1233 uberrimi
895 1204 948 1235 lae-

58 1246 227 1288 tissimique
241 1246 357 1277 fructus
372 1247 449 1277 nihil
464 1247 588 1277 omnino
602 1247 640 1277 ad
660 1247 769 1277 bestias
786 1247 946 1287 pertinent.

59 1290 171 1331 Neque
186 1290 268 1320 enim
289 1290 405 1321 serendi
426 1300 525 1331 neque
546 1290 675 1327 colendi,
694 1299 749 1320 nec
770 1291 947 1330 tempestive

58 1332 229 1363 demetendi
240 1333 484 1374 percipiendique
499 1333 624 1369 fructus,
641 1343 739 1373 neque
751 1332 897 1363 condendi
913 1344 948 1364 ac

58 1376 234 1417 reponendi,
264 1377 329 1406 ulla
353 1376 505 1417 pecudum
532 1376 654 1406 scientia
676 1382 719 1406 est
732 1387 741 1405 :
780 1386 947 1417 earumque

58 1419 198 1450 omnium
213 1430 315 1449 rerum
329 1419 490 1449 hominum
503 1425 546 1449 est
561 1425 591 1449 et
605 1429 677 1449 usus
692 1424 721 1449 et
736 1429 816 1449 cura.

103 1462 234 1492 LXIII.
258 1463 304 1493 Ut
318 1462 391 1493 fides
405 1462 499 1502 igitur
513 1468 542 1492 et
557 1462 645 1492 tibias
660 1472 764 1492 eorum
780 1462 869 1492 caus'a
884 1462 946 1493 fac-

60 1511 106 1536 tas
121 1505 283 1535 dicendum
298 1512 353 1541 est,
373 1506 427 1546 qui
444 1506 504 1535 illis
519 1505 563 1535 uti
581 1511 726 1546 possunt3
751 1505 791 1535 sic
812 1515 857 1542 ea,
877 1516 946 1546 quae

61 1548 208 1586 diximus,
235 1549 305 1579 solis
325 1549 362 1579 iis
384 1548 588 1579 confitendum
612 1554 655 1578 est
678 1558 739 1578 esse
761 1554 875 1588 parata,
892 1549 947 1589 qui

59 1597 208 1621 utuntur:
233 1601 298 1627 nec,
315 1592 339 1622 si
354 1602 423 1632 quae
436 1592 539 1622 bestiae
553 1592 693 1621 furantur
707 1590 823 1631 aliquid
833 1601 870 1621 ex
886 1591 945 1629 his,

62 1640 116 1665 aut
130 1634 264 1674 rapiunt,
277 1634 401 1665 illarum
416 1645 538 1675 quoque
553 1634 642 1665 causa
658 1644 692 1664 ea
703 1639 775 1663 nata
790 1644 851 1664 esse
866 1634 946 1665 dice-

57 1686 138 1707 mus.
162 1677 273 1718 Neque
287 1677 369 1708 enim
383 1678 521 1708 homines
532 1677 668 1708 murium
683 1682 737 1707 aut
751 1675 946 1707 formicarum

59 1720 150 1752 causa
165 1720 354 1752 frumentum
370 1721 515 1759 condunt,
531 1721 583 1751 sed
604 1721 770 1761 conjugum
789 1726 817 1751 et
837 1720 946 1751 libero-
