1226 1935
266 52 328 84 DE
352 53 551 91 FINIBUS,
569 52 648 84 Lm.
662 52 722 84 IV.
739 51 824 83 Cn.
838 53 868 83 5.
970 53 1012 83 35

122 148 168 174 ea,
185 149 254 180 quae
270 139 416 170 dialectici
437 149 518 169 nunc
539 139 664 169 tradunt
679 144 708 169 et
723 138 841 175 docent,
858 149 959 169 nonne
975 140 1013 169 ab

121 182 180 211 illis
207 182 344 212 instituta
370 188 439 212 sunt
465 189 494 212 ct
518 182 659 212 inventa.
653 184 666 203 ³
699 182 747 212 De
773 182 885 222 quibus
910 183 965 211 ctsi
996 193 1014 212 a

122 225 296 266 Lhrysippo
311 226 446 255 maxime
462 231 506 255 est
521 226 721 261 elaboratum,
739 232 839 254 tamen
857 235 874 254 a
891 224 1013 255 Zenone

121 267 224 298 minus
249 268 359 305 multo,
387 278 479 309 quam
507 270 545 298 ab
572 267 714 308 antiquis.
747 268 801 297 Ab
827 268 884 297 hoc
909 274 1013 297 autem

121 310 262 350 quaedam
282 321 343 341 non
364 311 473 341 melius
491 310 602 351 [quam
618 318 749 341 veteres·
741 312 767 351 ,]
786 310 927 351 quaedam
948 320 1014 340 om-

125 353 198 382 nino
215 354 326 383 relicta.

165 396 309 437 Cumque
329 397 398 427 duae
414 396 474 426 sint
493 401 582 433 artes,
599 396 711 437 quibus
732 396 862 437 perfecte
883 396 958 426 ratio
985 401 1015 427 et

120 439 215 469 oratio
231 440 429 479 compleatur,
443 449 505 469 una
520 439 704 476 inveniendi,
718 440 812 469 altera
827 439 1012 475 disserendi;

121 481 199 512 hanc
212 482 405 522 posteriorem
417 488 445 512 ct
455 482 548 512 stoici
561 488 590 512 et
601 482 803 522 Peripatetici,
817 482 947 522 priorem
960 493 1015 512 au-

121 530 181 555 tem
195 525 239 554 illi
255 525 372 565 egregie
388 525 595 560 tradiderunt;
620 525 652 554 hi
664 525 788 555 omnino
801 535 838 555 ne
850 525 1015 565 attigerunt

122 568 256 608 quidem.
283 568 378 605 Nam,
396 579 411 598 e
427 568 539 608 quibus
554 568 636 605 locis,
651 568 736 608 quasi
750 568 907 605 thesauris,
924 578 1015 608 argu-

122 617 225 640 menta
251 610 508 651 depromerentur,
537 611 626 640 vestri
652 621 690 640 ne
717 611 858 651 suspicati
889 611 1014 651 quidem

122 660 213 689 sunt:
239 654 405 694 superiores
426 660 529 683 autem
553 654 678 684 artificio
699 660 728 683 et
746 654 794 683 via
816 654 1013 684 tradiderunt.

122 696 203 734 Quae
219 696 342 737 quidem
359 707 404 726 res
420 697 520 732 efficit,
538 707 575 727 ne
591 707 708 727 necesse
723 697 772 734 sit,
789 697 895 726 iisdem
917 697 954 727 de
970 708 1015 727 re·

122 740 178 769 bus
200 750 318 780 semper
338 739 424 780 quasi
446 739 557 769 dictata
579 740 748 776 decantare,
772 750 870 780 neque
891 751 909 770 a
931 751 1014 770 com-

122 783 308 812 mentariolis
325 783 385 812 suis
402 782 559 812 discedere.
581 783 677 820 Nam,
692 783 745 823 qui
761 783 843 820 sciet,
861 783 914 812 ubi
926 783 1016 823 quid.

121 835 182 865 que
197 825 330 865 positum
347 826 396 861 sit,
414 825 536 865 quinque
553 836 587 855 eo
604 825 714 861 veniat,
733 826 768 861 is,
786 826 877 855 etiam
894 826 918 855 si
940 826 1015 866 quid

121 869 267 898 obrutum
285 869 350 905 erit,
368 868 477 908 poterit
498 878 610 904 eruere,
628 878 805 908 semperque
821 879 883 898 esse
904 869 934 898 in
954 870 1015 899 dis-

121 911 258 951 putando
281 922 362 941 suus.
398 911 491 948 Quod
517 911 571 941 etsi
596 911 725 951 ingeniis
751 911 870 951 magnis
897 912 1015 952 praediti

122 953 248 994 quidam
269 954 387 984 dicendi
408 954 524 994 copiam
548 954 611 984 sine
631 954 745 984 ratione
766 961 1013 995 consequuntur:

122 1005 169 1026 ars
186 1004 287 1027 tamen
304 1003 347 1027 est
367 997 430 1026 dux
452 997 569 1033 certior,
593 1008 686 1038 quam
709 1004 825 1026 natura.
850 997 950 1027 Aliud
972 1004 1015 1027 est

122 1039 204 1070 enim
219 1044 379 1081 poetarum
395 1050 478 1070 more
497 1041 588 1070 verba
603 1040 730 1070 fundere
744 1051 753 1076 ς
778 1040 862 1070 aliud
884 1051 928 1078 ea,
946 1051 1016 1081 quae

121 1082 213 1119 dicas,
231 1083 345 1113 ratione
361 1089 390 1113 et
405 1090 468 1112 arte
482 1082 676 1123 distinguere.

166 1126 206 1156 V.
232 1126 351 1156 Similia
373 1126 432 1155 dici
454 1132 581 1166 possunt
604 1126 641 1156 de
663 1126 862 1167 explicatione
885 1132 1014 1164 naturae,

122 1169 185 1210 qua
200 1169 232 1199 hi
249 1175 388 1205 utuntur,
403 1176 431 1199 et
448 1170 556 1204 vestri;
582 1179 680 1210 neque
696 1179 765 1199 vero
781 1170 819 1199 ob
832 1169 907 1199 duas
924 1170 1015 1200 modo

122 1223 226 1242 causas
249 1212 344 1253 (quod
372 1212 506 1252 Epicuro
528 1212 671 1249 videtur),
695 1218 729 1242 ut
753 1212 886 1252 pellatur
909 1213 1015 1243 mortis

123 1262 153 1286 et
168 1255 320 1295 religionis
336 1261 435 1285 metus
448 1266 457 1289 ς
483 1255 533 1285 sed
547 1255 637 1285 etiam
654 1255 833 1285 modestiam
847 1256 1015 1296 quamdam

124 1298 257 1338 cognitio
290 1308 392 1328 rerum
423 1298 587 1328 coelestium
614 1298 701 1328 affert
730 1298 766 1328 iis
797 1298 850 1338 qui
880 1298 1014 1337 videant,

121 1347 237 1382 quanta
249 1341 286 1371 sit
298 1341 389 1371 etiam
399 1341 481 1382 apud
493 1341 574 1371 Deos
584 1341 760 1377 moderatio,
774 1347 907 1381 quantus
917 1341 989 1372 ordo
1003 1352 1013 1377 ς

125 1390 154 1414 et
169 1384 414 1424 magnitudinem
431 1384 536 1421 animi,
555 1384 693 1414 Deorum
709 1394 799 1425 opera
815 1390 843 1414 et
859 1384 937 1414 facta
953 1395 1015 1415 cer-

122 1427 285 1462 nentibus;
307 1427 457 1466 justitiam
485 1427 588 1463 etiam,
616 1437 685 1457 cum
710 1427 866 1467 cognitum
891 1427 1014 1465 habeas,

124 1470 206 1510 quod
221 1470 259 1499 sit
274 1470 387 1500 summi
403 1470 523 1500 rectoris
539 1476 568 1500 et
583 1470 699 1500 domini
712 1480 838 1507 numen,
849 1470 931 1510 quod
944 1480 1015 1500 con-

123 1513 237 1550 silium,
255 1524 324 1553 quae
340 1513 497 1543 voluntas:
523 1514 609 1552 cujus
630 1513 668 1543 ad
683 1519 824 1543 naturam
840 1519 912 1553 apta
926 1513 1013 1551 ratio,

124 1566 193 1586 vera
208 1556 261 1585 illa
277 1562 305 1585 et
321 1566 442 1586 summa
456 1557 505 1586 lex
522 1567 540 1586 a
555 1556 741 1597 philosophis
758 1556 876 1586 dicitur.

168 1599 262 1635 Inest,
285 1599 316 1628 in
340 1599 445 1629 eadem
469 1599 667 1640 explicatione
688 1605 815 1635 naturae,
837 1598 1016 1629 insatiabilis

123 1642 265 1682 quaedam
282 1652 297 1671 e
313 1643 525 1682 cognoscendis
537 1643 625 1672 rebus
638 1642 796 1682 voluptas;
821 1642 852 1671 in
866 1642 927 1682 quit
940 1652 979 1671 un
985 1642 1014 1678 a,

124 1685 265 1714 confectis
282 1686 370 1715 rebus
385 1686 567 1721 necessariis,
585 1685 671 1715 vacui
687 1685 825 1725 negotiis,
842 1685 965 1714 honeste
981 1695 1015 1714 ac

122 1727 285 1760 liberaliter
300 1738 461 1770 possumus
476 1728 584 1760 vivere.
607 1727 692 1769 Ergo
703 1728 735 1758 in
750 1727 807 1759 hac
821 1727 937 1758 ratione
951 1727 1016 1758 tota
