1226 1935
272 56 395 88 TUSC.
412 55 584 95 QUAEST.
602 56 680 86 LIB.
699 56 746 86 ΙΙ.
763 55 848 87 ΟΑΡ.
867 57 916 87 10.
978 57 1038 88 163

185 139 293 172 Multa
307 142 367 172 alja
381 142 488 172 victrix
503 147 605 172 nostra
617 142 755 172 lustravit
770 152 880 172 manus
893 153 902 178 3

189 185 221 214 N
225 195 257 214 ec
269 185 431 226 quisquam
446 196 463 215 e
478 185 585 215 nostris
601 185 696 226 spolia
711 185 790 225 cepit
804 186 979 216 laudibus.''

146 254 351 285 Possumusne
375 265 429 286 nos
453 261 642 285 contemnere
668 254 814 293 dolorem,
841 265 911 285 cum
932 256 1032 296 ipsum

145 296 311 328 Herculem
327 305 390 328 tam
405 299 599 328 intoleranter
623 298 722 328 dolere
741 298 924 328 videamus?

187 340 229 370 X.
256 341 284 370 V
288 341 368 371 eniat
383 341 558 381 AEschylus,
572 351 631 370 non
644 345 734 381 po'c'ta
745 341 809 371 5011
802 351 855 378 111,
875 341 926 371 sed
942 341 1033 371 etiam

143 382 371 424 Pythagoreus:
396 384 437 414 sic
457 384 538 414 enim
561 384 738 424 accepimus.
775 385 847 421 Quo
867 384 957 413 modo
976 384 1033 414 fe1t

143 426 226 466 apud
249 437 320 456 eum
344 427 543 457 Prometheus
565 426 712 466 dolorem,
734 437 827 467 quem
851 427 963 468 excipit
992 428 1030 457 ob

140 467 258 499 furtum
271 469 465 500 Lemnium?

184 527 224 567 [“
237 528 346 558 Unde
338 539 439 569 ignem
450 529 530 559 cluet
544 529 734 566 mortalibus,

182 571 271 601 Clam
284 571 389 613 divis‚]
407 572 507 602 doetu'
524 572 724 602 Prometheus

181 614 330 655 Clepsisse
345 615 425 651 dolo,
442 625 606 655 poenasque
620 615 641 644 J
645 615 694 645 ovi

179 656 257 687 Fato
273 657 448 698 expendisse
463 658 636 699 supremo.'‘

179 727 246 758 Has
262 728 354 768 igitur
368 738 470 770 poenas
490 728 635 769 pendens,
653 727 762 758 affixus
781 728 820 758 ad
839 728 1022 767 Caucasum,

134 770 199 802 haec
214 771 296 809 dicit,

180 834 203 849 ‘⁶
219 831 369 862 Titanum
383 832 510 869 soboles,
527 832 606 862 socia
620 832 713 862 nostri
728 831 894 872 sanguinis,

181 874 332 905 Generata
347 875 431 913 coelo,
447 875 590 916 adspicite
604 875 765 915 religatum
780 875 891 915 asperis

180 917 390 958 vinctumque
405 919 495 957 saxis,
512 928 621 948 navem
636 924 671 947 ut
686 918 841 947 horrisono
856 918 943 956 freto,

177 961 310 991 Noctem
325 967 477 1001 paventes,
494 961 594 991 timidi
608 966 771 991 annectunt
783 961 901 990 navitae.

176 1003 336 1034 Saturnius
350 1014 400 1034 me
415 1004 456 1034 sic
471 1004 572 1034 infixit
586 1004 607 1034 J
611 1004 720 1044 upiter⁷

173 1047 196 1077 J
199 1047 322 1087 ovisque
338 1057 451 1077 numen
467 1047 617 1077 Mulcibri
632 1047 756 1076 adscivit
771 1057 890 1077 manus.

172 1090 241 1121 Hos
254 1090 306 1119 ifle
321 1100 430 1120 cuneos
444 1090 558 1120 fabrica
574 1090 687 1120 crudeli
702 1090 845 1128 inserens,

172 1133 315 1173 Perrupit
330 1138 431 1163 artus:
456 1134 518 1174 qua
532 1132 623 1163 miser
638 1133 769 1163 sollerti-22

170 1177 200 1206 T
202 1177 454 1213 ransverberatus,
471 1183 603 1206 castrum
617 1176 674 1206 hoc
690 1175 853 1206 Furiarum
868 1175 976 1207 incolo.

169 1220 246 1250 Jam
258 1219 344 1249 tertio
359 1230 409 1249 me
423 1229 545 1260 quoque
559 1219 679 1249 funesto
693 1219 753 1256 die,

171 1262 268 1292 Tristi
283 1262 435 1301 advolatu‚
452 1262 576 1293 aduncis
591 1263 724 1292 lacerans
739 1262 906 1303 unguibus,

169 1306 192 1336 J
196 1306 259 1336 ovis
274 1305 391 1336 satelles
405 1311 493 1346 pastu
509 1305 634 1336 dilaniat
649 1305 721 1335 fero.

170 1349 256 1380 Tum
268 1349 367 1388 jecore
382 1349 484 1389 opimo
499 1348 577 1378 farta
592 1354 621 1378 et
635 1348 742 1379 satiata
757 1348 885 1386 affatim,

169 1393 353 1432 Clangorem
368 1391 470 1421 fundit
485 1398 615 1429 vastum,
632 1397 661 1421 et
672 1392 802 1421 sublime
815 1393 950 1431 avolans,

170 1435 302 1466 Pinnata&
314 1434 410 1465 cauda
425 1440 562 1465 nostrum
577 1434 681 1464 adulat
695 1435 884 1474 sanguinem.

169 1479 250 1509 Cum
266 1488 335 1508 vero
349 1478 475 1508 adesum
490 1477 597 1507 inflatu
612 1484 790 1507 renovatum
805 1483 849 1507 est
860 1479 957 1518 jecur,

164 1522 251 1552 Tum
266 1531 369 1551 rursus
384 1527 474 1551 tetros
488 1520 577 1551 avida
591 1530 622 1550 se
635 1520 674 1550 ad
686 1527 789 1561 pastus
803 1521 902 1551 refert.

166 1565 217 1596 Sic
231 1564 309 1594 hanc
324 1564 476 1594 custodem
491 1564 590 1594 moesti
605 1564 751 1593 cruciatus
766 1564 815 1594 alo
828 1575 836 1593 ε

165 1608 246 1646 Quae
260 1617 310 1637 me
321 1607 445 1647 perenni
459 1606 563 1636 vivum
578 1606 671 1637 foedat
684 1607 814 1637 miseria.

162 1652 320 1690 Namque,
336 1655 371 1679 ut
386 1650 502 1688 videtis,
519 1650 623 1680 vinclis
639 1649 814 1680 constrictus
829 1651 928 1689 Jovss,

160 1694 275 1725 Arcere
291 1703 406 1733 nequeo
421 1693 518 1723 diram
534 1693 685 1723 volucrem
702 1704 719 1722 a
734 1700 862 1733 pectore.

162 1737 223 1776 Sic,
239 1747 289 1768 me
303 1736 367 1777 ipse
379 1736 498 1775 1111111115,
514 1742 611 1778 pestes
627 1736 743 1777 excipio
759 1737 876 1774 anxias,
