1180 1935
208 76 273 107 348
311 75 372 107 DE
397 75 506 107 NAT.
523 74 660 107 DEOR.
683 74 763 106 Lm.
782 74 828 105 II.
846 74 928 106 CAP.
948 75 997 105 11.
1152 0 1179 157 ῃ

207 162 326 193 bendus
342 168 386 193 est
400 168 497 203 tepor,
522 161 572 193 sed
588 172 625 192 ex
640 161 756 192 intimis
770 161 861 192 maris
881 160 1017 202 partibus
1036 158 1100 200 agi»
1155 159 1157 173 ¹
1177 155 1180 206 l

207 205 322 236 tatione
347 206 513 236 excitatus:
540 205 622 246 quod
646 205 754 235 nostris
781 215 903 245 quoque
929 203 1101 244 corporibus
1178 207 1180 243 Ι

210 249 369 289 contingit,
387 259 457 279 cum
472 255 559 279 motu
575 254 667 288 atque
682 247 894 278 exercitatione
909 247 1101 276 recalescunt.

211 291 283 331 Ipse
301 302 373 322 vero
393 295 455 330 a'e'r⁷
479 292 532 332 qui
548 291 658 320 natura
674 297 717 320 est
731 290 866 320 maxime
884 289 1023 329 frigidus,
1045 288 1103 318 mi-

209 334 293 364 nime
312 341 355 365 est
376 346 482 375 expers
503 334 617 364 caloris.
652 333 710 363 Ille
730 344 800 364 vero
815 340 844 363 et
859 333 957 362 multo
979 331 1104 372 quidem

209 376 307 408 calore
322 378 477 408 admixtus
494 383 555 407 est:
574 377 637 417 ipse
653 376 734 410 ,enim
746 377 841 406 oritur
857 387 893 406 ex
911 374 1104 415 respiratione

209 430 380 461 aquarum:
406 430 511 450 earum
533 420 614 449 enim
631 419 717 459 quasi
732 430 824 459 vapor
840 419 964 459 quidam
982 421 1033 447 afssr
1052 417 1107 446 ha-

210 463 327 494 bendus
343 470 395 494 est.
430 464 461 493 Is
477 469 579 492 autem
596 462 711 492 exsistit
732 468 816 491 motu
834 463 899 500 ejus
915 461 1030 497 calore,
1053 460 1107 500 qui

210 507 297 547 aquis
319 507 508 537 continetur:
535 516 628 546 quam
649 504 878 534 similitudinem
901 514 1019 534 cernere
1040 514 1109 544 pos-

211 560 317 579 sumus
329 550 360 579 in
373 549 409 579 iis
424 549 522 590 aquis„
536 559 605 589 quae
621 547 816 578 effervescunt
832 547 958 577 subditis
974 546 1106 587 ignibus.

212 592 234 622 J
237 603 287 622 am
304 603 373 622 vero
388 593 505 632 reliqua
520 596 628 632 quarta
643 602 711 631 pars
727 590 847 626 mundi,
872 600 906 619 ea
922 596 950 619 et
965 590 1030 630 ipsa
1046 595 1108 619 tota

212 642 322 665 natura
342 635 457 665 fervida
478 641 541 670 est;
566 640 595 664 et
610 634 724 664 caeteris
740 633 855 663 naturis
870 633 1012 663 omnibus
1028 633 1108 662 salu-

213 684 309 708 tarem
330 678 465 719 impertit
481 683 510 708 et
526 677 648 708 vitalem
664 677 804 706 calorem.
837 676 888 705 Ex
910 686 971 716 quo
987 676 1108 705 conclu-

213 721 306 758 ditur,
331 732 402 751 cum
418 732 522 751 omnes
538 720 646 750 mundi
667 725 765 760 partes
780 719 984 748 sustineantur
1000 719 1107 755 calore,

214 764 368 794 mundum
384 765 475 794 etiam
491 764 593 805 ipsum
605 763 696 793 simili
712 762 838 803 parique
853 762 962 791 natura
977 761 1008 790 in
1024 761 1110 791 tanta

214 807 414 838 diuturnitate
427 807 556 843 servari3
582 817 677 847 eoque
692 805 801 845 magiS,
819 804 901 845 quod
912 804 1041 843 intelligi
1057 804 1109 834 de-

215 851 278 888 bet,
303 851 436 881 calidum
457 850 534 880 illud
555 856 646 890 atque
661 849 786 889 igneum
802 848 844 878 ita
859 848 889 877 in
905 848 988 877 omni
1004 847 1109 877 fusum

216 904 278 924 esse
300 895 419 931 natura,
444 901 478 924 ut
498 893 529 923 in
552 903 586 923 eo
606 892 677 921 insit
696 891 871 932 procreandi
893 891 947 928 vis,
972 896 1001 920 et
1021 900 1110 920 causa

216 937 382 977 gignendi3
408 949 426 967 a
441 948 502 979 quo
518 942 547 966 et
563 935 729 965 animantia
740 934 853 971 omnia,
871 940 899 964 et
915 945 960 970 ea,
977 943 1109 974 quorum

217 980 323 1021 stirpes
350 981 429 1011 terra
455 979 657 1017 continentur,
689 984 718 1008 et
748 977 828 1008 nasci
859 977 897 1007 sit
922 986 1050 1015 necesse,
1081 982 1111 1006 et

218 1033 387 1064 augescere.
1147 1052 1152 1058 .

262 1067 323 1097 XI.
349 1067 470 1097 Natura
495 1072 538 1098 est
562 1065 666 1106 igitur,
690 1076 759 1107 quae
783 1065 934 1096 contineat
958 1063 1111 1093 mundum

219 1120 355 1147 0111116111,
384 1121 516 1151 eumque
540 1115 671 1146 tueatur,
696 1115 726 1139 et
752 1119 786 1138 ea
812 1108 936 1149 quidem
961 1117 1021 1137 non
1049 1106 1112 1137 sine

220 1163 308 1183 sensu
325 1160 417 1195 atque
433 1154 555 1184 ratione.
581 1152 717 1182 Omnem
733 1151 814 1182 enim
831 1157 983 1187 naturam,
997 1159 1114 1179 necesse

221 1202 275 1234 est,
302 1208 371 1238 quae
395 1207 455 1226 non
477 1195 608 1227 solitaria
628 1195 666 1225 sit
686 1205 784 1235 neque
806 1194 947 1234 simplex,
972 1193 1022 1222 sed
1043 1203 1113 1222 cum

221 1239 281 1269 alio
294 1240 400 1278 juncta
412 1246 502 1280 atque
514 1248 662 1275 connexa⁷
678 1238 789 1268 habere
800 1237 934 1277 aliquem
946 1237 977 1266 in
991 1246 1020 1266 se
1032 1236 1116 1275 prin-

222 1283 369 1323 cipatum,
393 1290 428 1313 ut
447 1283 479 1312 in
499 1282 622 1313 homine
636 1287 782 1317 mentem,
804 1280 835 1310 in
851 1279 953 1309 bellu&¹
969 1278 1116 1319 quiddam

224 1326 323 1356 simile
348 1326 468 1363 mentis,
492 1326 574 1356 unde
595 1324 730 1356 oriantur
755 1334 857 1354 rerum
882 1322 1041 1363 appetitus.
1078 1322 1117 1352 In

224 1371 368 1399 arborum
390 1375 505 1406 autem,
530 1375 559 1399 et
579 1378 683 1399 earum
704 1378 806 1397 rerum
828 1377 896 1408 quae
916 1366 1083 1406 gignuntur
1102 1375 1118 1395 e

225 1412 315 1449 terra,
339 1412 490 1442 radicibus
513 1412 609 1442 inesse
632 1410 818 1451 principatus
841 1415 975 1450 putatur.
1001 1408 1118 1438 Princi-
1172 1414 1174 1431 ῑ

226 1464 333 1499 patum
346 1463 449 1487 autem
462 1457 492 1487 id
505 1457 582 1493 dico,
595 1454 676 1497 quod
690 1454 789 1484 Graeci
800 1454 980 1490 Ἤγεμονικον
992 1457 1117 1486 vocantg
1173 1456 1175 1470 ¹

227 1512 289 1542 quo
304 1500 381 1531 nihil
396 1501 428 1530 in
444 1510 567 1541 quoque
582 1508 690 1540 genere
706 1507 760 1527 nec
774 1501 873 1537 potest
884 1505 939 1525 nec
955 1494 1042 1524 debet
1058 1504 1119 1524 esse
1174 1492 1175 1497 ¹

228 1544 428 1585 praestantius.
454 1545 563 1584 Itaque
579 1552 696 1572 necesse
717 1546 771 1576 651,
788 1538 865 1569 illud
887 1538 989 1574 etiam,
1012 1537 1043 1567 in
1059 1547 1120 1577 quo

229 1588 268 1618 sit
280 1587 370 1617 totius
382 1593 498 1617 naturae
513 1585 710 1627 principatus,
727 1593 789 1613 esse
803 1581 942 1612 omnium
957 1580 1121 1620 optimum,

229 1631 432 1672 omniumque
455 1639 557 1661 rerum
577 1633 724 1670 potestate
745 1625 964 1664 dominatuque
984 1622 1123 1664 dignissi-

231 1685 329 1706 nium.

274 1717 425 1748 Videmus
436 1722 550 1754 autem,
563 1715 595 1745 in
607 1714 743 1756 partibus
755 1711 864 1743 mundi
877 1710 967 1745 (nihil
983 1715 1026 1740 est
1041 1708 1122 1740 enim

231 1763 262 1794 in
284 1763 368 1795 omni
387 1762 515 1800 mundo,
539 1760 621 1802 quod
641 1768 702 1790 non
721 1767 790 1797 pars
805 1753 937 1787 universi
957 1753 1008 1791 sit)
1029 1752 1124 1783 inesse
