1226 1935
225 88 288 124 27ss
320 106 323 109 Δ
355 88 477 119 TUSC.
495 86 667 126 QUAEST.
685 86 764 117 Lm.
781 86 821 118 V.
836 86 918 118 CAP.
933 87 983 117 25.

227 174 315 204 certis
337 174 432 204 infixa
453 174 594 209 sedibusz
620 180 734 214 septem
755 173 815 204 alia
837 183 906 203 suos
928 182 1058 213 quaeque
1077 178 1121 203 te·

229 227 300 247 nere
321 228 436 254 cursus,
460 218 595 247 multum
612 218 690 247 inter
707 227 737 247 se
753 222 806 246 aut
821 216 981 246 altitudine
997 221 1050 245 aut
1065 216 1123 246 hu-

230 260 359 290 militate
379 261 531 297 distantia,
549 270 681 301 quorun]
697 260 765 300 vagi
781 265 882 289 motus
897 265 961 289 rata
977 264 1076 288 tamen
1093 264 1123 289 et

230 310 310 333 certa
331 304 377 333 sui
400 306 503 334 cursus
524 304 621 344 spatia
641 303 806 338 definiant,
833 302 956 336 (horum
975 302 1121 331 nimirum

228 346 388 386 adspectus
404 347 527 387 impulit
541 347 608 376 illos
621 352 743 383 veteres,
761 351 790 375 et
801 345 970 383 admonuit,
984 350 1018 374 ut
1033 345 1121 385 plura

229 396 398 429 quaererent
410 401 417 419 ε
436 389 506 419 inde
518 395 561 419 est
572 389 726 429 indagatio
738 395 808 419 nata
819 388 987 424 initiorum,
1001 394 1030 418 et
1042 395 1120 418 tam-

230 442 324 472 quam
341 433 504 469 seminum,
528 432 608 462 unde
629 437 725 462 essent
745 431 847 461 omnia
867 437 943 467 orta,
965 436 1117 471 generata,

230 482 387 505 concreta:
413 486 542 516 quaeque
558 476 705 514 cujusque
720 475 847 514 generis,
864 475 912 504 vel
927 474 1053 504 inanimi
1072 475 1119 504 vel

225 518 399 555 animantis,
424 518 471 548 vel
486 518 565 548 muti
588 519 635 547 vel
655 518 817 557 loquentis,
839 517 933 557 origo,
958 528 1026 557 quae
1042 517 1115 553 vita,

228 561 282 601 qui
303 561 451 599 interitus,
470 571 598 601 quaeque
615 571 651 590 ex
667 560 726 590 alio
741 560 772 589 in
789 560 871 590 aliud
888 560 1058 589 vicissitudo
1073 566 1119 589 at-

228 614 288 644 que
303 604 450 633 mutatio:
476 604 557 633 unde
572 610 660 641 terra,
685 609 714 633 et
730 603 840 643 quibus
856 604 964 632 librata
978 603 1118 643 ponderi-

227 648 295 683 bus,
312 647 423 688 quibus
436 647 568 676 cavernis
583 646 679 676 maria
691 646 914 681 sustineantur3
939 646 1000 686 qua
1015 646 1117 675 omnia

226 689 327 719 delata
347 690 504 730 gravitate,
528 689 664 719 medium
685 689 794 718 mundi
815 689 916 719 locum
932 699 1049 729 semper
1064 700 1116 719 ex-

226 739 342 772 petant,
360 733 413 773 qui
429 738 472 762 est
487 732 567 762 idem
583 732 706 762 infimus
721 732 753 761 in
768 732 923 768 rotundo.)

270 776 380 805 XXV.
406 775 482 806 Haec
508 775 647 806 tractanti
673 775 786 811 animo,
815 781 845 805 et
870 780 970 805 noctes
997 781 1027 805 et
1052 775 1115 806 dies

185 822 191 829 ’
227 818 382 859 cogitanti,
397 819 512 848 exsistit
526 819 579 848 illa
594 829 612 848 a
628 818 695 848 Deo
708 818 838 858 Delphis
850 823 998 858 praecepta
1013 819 1115 858 cogni-

226 862 280 898 tio,
304 867 338 891 ut
358 862 423 902 ipsa
443 872 473 892 se
494 872 579 891 meus
600 869 751 901 agnoscat,
775 862 1028 901 conjunctamque
1044 871 1115 892 cum

227 904 331 934 divina
355 910 457 934 mente
478 916 508 935 se
529 905 656 941 sentiat;
682 915 719 934 ex
741 914 802 945 quo
822 904 984 934 insatiabili
1004 905 1116 944 gaudio

227 948 406 988 completur.
431 948 503 988 ipsa
518 948 598 978 enim
615 947 754 987 cogitatio
768 947 805 977 de
820 947 849 977 vi
865 953 894 977 et
908 947 1017 977 natura
1032 947 1116 978 Deo-

228 1001 299 1020 rum
322 991 458 1020 studium
480 991 612 1021 incendit
634 991 715 1021 illius
740 990 912 1021 aeternitatis
938 990 1114 1027 imitandae3

230 1044 329 1075 neque
344 1044 374 1064 se
389 1034 421 1063 in
436 1034 581 1064 brevitate
596 1034 664 1064 vitae
679 1034 854 1064 collocatam
869 1040 968 1074 putat,
985 1044 1055 1064 cum
1071 1044 1117 1064 re-

229 1087 299 1107 rum
316 1087 419 1107 causas
434 1077 507 1106 alias
523 1087 559 1107 ex
576 1077 641 1106 aliis
656 1083 752 1117 aptas,
777 1082 806 1107 et
821 1077 994 1107 necessitate
1013 1086 1118 1114 nexas,

231 1120 311 1150 videt
324 1131 332 1150 :
351 1120 472 1161 quibus,
484 1122 522 1150 ab
538 1126 648 1150 aeterno
663 1126 798 1160 tempore
813 1119 976 1150 fluentibus
988 1120 1019 1150 in
1035 1126 1120 1151 aeter-

229 1172 317 1200 num,
334 1163 410 1193 ratio
425 1168 527 1193 tamen
543 1173 689 1204 mensque
704 1163 887 1193 moderatur.

273 1206 350 1236 Haec
365 1207 416 1236 ille
431 1206 552 1236 intuens
567 1212 658 1254 atque
673 1206 848 1247 suspiciens,
871 1206 919 1236 vel
938 1206 1039 1247 potius
1054 1217 1119 1237 om-

229 1259 282 1280 nes
311 1255 410 1290 partes
436 1258 563 1290 orasque
588 1249 840 1290 circumspiciens,
870 1249 985 1290 quanta
1014 1260 1117 1281 rursus

228 1292 324 1322 animi
340 1292 557 1333 tranquillitate
578 1292 714 1322 humana
734 1298 763 1322 et
778 1292 914 1322 citeriora
928 1292 1113 1323 considerat!

230 1335 313 1366 Hinc
333 1335 386 1365 illa
407 1336 537 1375 cognitio
558 1335 676 1365 virtutis
696 1335 829 1365 exsistit:
855 1335 1043 1366 efflorescunt
1064 1347 1116 1377 ge-

228 1388 300 1409 nera
320 1384 479 1419 partesque
495 1378 665 1408 virtutum:
689 1378 852 1415 invenitur,
870 1378 943 1418 quid
964 1379 1011 1416 sit,
1034 1379 1116 1420 quod

229 1427 339 1451 natura
354 1427 467 1461 spectet
482 1427 654 1451 extremum
670 1421 701 1451 in
716 1421 814 1459 bonis,
832 1421 906 1462 quid
920 1421 951 1451 in
966 1422 1054 1452 malis
1069 1423 1117 1452 ul-

229 1465 361 1500 timum,
387 1475 448 1505 quo
475 1464 629 1495 referenda
653 1465 713 1494 sint
738 1464 855 1499 officia3
879 1474 948 1505 quae
973 1465 1117 1505 degendae

229 1508 325 1538 aetatis
346 1508 422 1537 ratio
443 1507 611 1547 deligenda.
645 1507 768 1545 Quibus
783 1514 812 1537 et
826 1507 938 1537 talibus
958 1509 1046 1538 rebus
1067 1519 1119 1539 ex-

227 1550 356 1591 quisitis,
380 1551 436 1580 hoc
457 1551 504 1580 vel
524 1550 658 1580 maxime
679 1550 818 1588 efficitur,
842 1550 924 1591 quod
941 1550 998 1580 hac
1013 1551 1116 1592 dispu-

227 1593 340 1623 tatione
354 1593 485 1633 agimus,
509 1600 544 1624 ut
559 1593 664 1633 virtus,
680 1593 719 1623 ad
739 1594 825 1624 beate
841 1593 1016 1632 vivendum,
1035 1595 1074 1625 sit
1088 1605 1119 1626 se

227 1636 287 1676 ips
277 1649 294 1666 ι
310 1642 458 1666 contenta.

271 1679 416 1720 Sequitur
436 1679 533 1717 tertia,
558 1690 626 1720 quae
646 1690 700 1721 per
720 1689 824 1710 omnes
845 1685 944 1721 partes
967 1680 1119 1721 sapientiae

228 1729 337 1752 manat
352 1728 381 1752 et
401 1722 552 1759 funditur,
576 1733 645 1764 quae
661 1733 723 1753 rem
745 1722 861 1759 definit,
885 1733 1017 1763 genera
1021 1731 1053 1752 1·
1045 1735 1122 1765 :per-

226 1765 275 1801 tit,
302 1765 458 1807 sequentia
482 1766 634 1807 adjungit,
658 1765 791 1807 perfecta
814 1766 978 1804 concludit,
1000 1776 1069 1799 vera
1092 1775 1121 1798 et
