1226 1935
247 74 308 106 DE
326 75 432 106 NA'r.
450 75 587 107 DEOR.
612 74 692 105 Lm.
706 75 733 106 Ι.
757 75 840 106 cip,
859 74 910 110 27.
966 74 1030 107 319

132 160 244 197 ditum,
261 168 351 192 vexat
366 168 468 192 tamen
483 161 626 192 omnibus
642 161 841 191 contumeliis.
871 161 984 202 Atqui,
1001 161 1026 191 si

131 202 196 234 haec
212 203 404 235 Democritea
419 215 479 234 non
503 204 647 241 audisset,
669 204 743 244 quid
764 204 927 234 audierat?
951 204 1026 244 quid

131 252 175 276 est
190 246 221 276 in
238 247 368 288 physicis
385 247 511 288 Epicuri
523 257 583 277 non
599 257 617 276 a
632 246 808 277 Democrito
820 248 834 277 ?
859 247 955 283 Nam,
969 247 1024 277 etsi

130 289 272 329 quaedam
293 290 501 325 commutavit,
518 296 563 326 ut,
580 289 662 330 quod
683 290 775 330 paulo
795 295 864 319 ante
885 289 922 319 de
937 289 1024 319 incli-

130 332 251 362 natione
273 338 444 363 atomomm
467 333 554 367 dixi3
579 339 681 362 tamen
707 332 851 373 pleraque
876 332 949 362 dicit
973 342 1022 362 ea-

129 374 220 410 dem3
245 381 372 412 atomos,
388 376 488 412 inane,
505 375 664 415 imagines,
677 375 858 405 infinitatem
873 375 1021 412 locorum,

128 417 500 459 innumerabilitatemque
521 417 720 455 mundorum,
738 428 842 448 eorum
863 423 957 454 ortus,
975 417 1022 447 in-

128 460 244 497 teritus,
261 461 364 491 omnia
379 461 451 497 fere,
465 461 575 501 quibus
591 466 706 490 naturae
722 461 796 490 ratio
808 460 987 490 continetur.

172 503 266 534 Nunc
290 504 361 533 istu(
396 507 418 521 ‘⁶
435 504 521 545 quasi
545 503 687 544 corpus‚''
711 509 741 533 et
757 505 779 521 ‘⁴
795 503 882 544 quasi
898 502 1022 543 sangui-

127 546 233 583 nem‚”
256 547 331 587 quid
345 547 514 587 intelligis?
552 546 621 586 Ego
636 546 729 583 enim,
746 546 819 576 scire
835 551 864 576 te
886 546 943 576 ista
957 556 1023 576 me·-

127 589 187 618 lius
207 599 301 630 quam
323 600 384 628 me,
406 600 467 620 non
489 590 584 620 fateor
606 589 717 627 solum,
743 589 795 619 sed
817 589 908 619 etiam
931 589 1020 619 facile

126 632 233 672 patior.
273 633 354 662 (lum
378 633 503 674 quidem
527 632 619 662 semel
646 632 727 662 dicta
748 638 831 670 sunt,
857 632 932 672 quid
962 638 1016 669 est,

127 675 210 714 quod
231 675 368 706 Velleius
388 676 556 716 intelligere
576 676 680 716 possit,
703 676 794 705 Cotta
813 685 875 705 non
897 675 991 715 possit
1004 677 1019 705 ?

125 717 246 758 Itaque,
272 729 379 759 corpus
408 719 483 759 quid
512 719 561 755 sit,
589 718 711 758 sanguis
735 718 810 759 quid
834 718 883 755 sit,
909 718 1022 748 intelli-

123 771 182 801 go:
207 761 294 801 quasi
315 772 433 802 corpus,
462 767 491 792 et
513 762 599 802 quasi
618 761 752 801 sanguis,
769 761 844 802 quid
868 761 917 798 sit,
934 761 1022 791 nullo

125 814 247 844 prorsus
262 805 353 834 modo
369 805 514 845 intelligo.
553 805 665 845 Neque
685 810 719 834 tu
735 814 785 834 me
801 804 888 841 celas,
905 810 940 834 ut
956 804 1019 844 Py-

127 846 268 887 thagoras
288 848 402 878 solebat
417 848 528 878 alienos
542 859 551 883 ;
576 857 630 877 nec
645 848 782 877 consulto
797 847 871 877 dicis
889 847 1016 885 occulte,

126 894 285 930 tamquam
309 890 505 926 Heraclitus:
537 891 589 921 sed
616 890 712 931 (quod
738 890 816 920 inter
838 899 892 920 nos
914 890 1016 928 liceat)

125 942 164 962 ne
179 938 212 962 tu
229 933 353 973 quidem
368 934 522 974 intelligis.

166 976 315 1006 XXVII.
350 977 434 1007 Illud
446 977 532 1007 video
547 987 684 1017 pugnare
700 982 740 1013 te,
758 975 869 1017 species
884 982 919 1006 ut
934 987 1019 1017 quae-

124 1018 196 1048 (lam
223 1020 261 1049 sit
286 1019 435 1058 Deorum,
455 1031 525 1061 quae
544 1020 622 1050 nihil
643 1020 772 1050 concreti
793 1020 914 1057 habeat,
940 1020 1019 1050 nihil

125 1062 223 1099 solidi,
247 1062 325 1092 nihil
347 1063 489 1103 expressi,
514 1063 590 1093 nihil
613 1062 783 1099 eminentis,
806 1063 904 1102 sitque
927 1073 1016 1103 pura,

123 1105 210 1143 levis,
231 1105 391 1146 pellucida.
430 1105 577 1136 Dicemus
595 1116 665 1146 ergo
686 1106 779 1142 idem,
796 1105 878 1146 quod
901 1105 932 1135 in
954 1105 1018 1136 Ve-

124 1157 195 1178 nere
215 1148 299 1178 Coa:
325 1159 431 1189 corpus
449 1149 527 1179 illud
542 1159 603 1179 non
625 1155 679 1186 est,
697 1149 748 1179 sed
765 1148 863 1178 simile
878 1149 1014 1189 corpori:

124 1201 178 1221 nec
193 1192 244 1221 ille
259 1191 356 1229 fusus,
373 1198 402 1221 et
417 1192 545 1222 candore
560 1192 676 1222 mixtus
692 1193 796 1229 rubor,
813 1191 936 1231 sanguis
958 1198 1013 1229 est,

123 1234 175 1264 sed
196 1235 337 1276 quaedam
357 1235 511 1275 sanguinis
534 1235 722 1271 similitud03
747 1235 799 1272 sic,
816 1235 848 1264 in
863 1234 1016 1275 Epicureo

124 1277 204 1315 Deo,
221 1288 282 1308 non
298 1288 354 1315 res,
372 1278 423 1308 sed
439 1278 651 1308 similitudines
667 1288 781 1315 rerum,
798 1288 870 1308 esse.

166 1321 238 1358 Fac,
252 1321 294 1359 id,
312 1321 394 1362 quod
408 1331 446 1351 ne
457 1321 587 1362 intelligi
602 1320 727 1362 quidem
739 1327 847 1362 potest,
861 1320 938 1350 mihi
954 1331 1016 1351 esse

122 1374 300 1405 persuasum
315 1376 322 1394 :
348 1364 420 1394 cedo
435 1364 512 1394 mihi
526 1365 654 1394 istorum
669 1364 921 1394 adumbratorum
933 1363 1017 1393 Deo-

122 1418 192 1438 rum
203 1407 398 1445 lineamenta‚
409 1413 501 1449 atque
512 1407 633 1437 formas.
652 1408 724 1437 Non
733 1407 817 1437 deest
825 1407 957 1437 hocloco
967 1417 1016 1437 co-

122 1451 174 1491 pia
195 1451 359 1489 rafionum,
383 1451 495 1491 quibus
517 1450 622 1481 docere
643 1450 752 1488 velitis,
780 1450 930 1480 humanas
953 1460 1016 1480 esse

123 1494 235 1523 formas
251 1493 408 1524 Deorum:
433 1494 580 1534 primum,
597 1494 679 1534 quod
694 1493 736 1523 ita
757 1493 795 1523 sit
815 1492 1015 1522 informatum

123 1536 382 1578 anticipatumque
394 1538 547 1567 mentibus
562 1537 681 1573 nostris,
698 1542 733 1566 ut
747 1536 876 1573 homini,
893 1546 963 1566 cum
978 1535 1017 1565 de

124 1579 192 1610 Deo
215 1580 335 1620 cogitet,
360 1580 459 1610 forma
481 1586 616 1610 occurrat
642 1580 797 1609 humana:
823 1578 942 1616 deinde,
967 1585 1014 1616 ut,

124 1622 270 1663 quoniam
285 1624 374 1653 rebus
389 1623 532 1654 omnibus
550 1623 678 1653 excellat
695 1629 805 1652 natura
823 1622 937 1658 divina,
954 1621 1016 1651 for-

123 1666 176 1695 ma
196 1676 318 1706 quoque
340 1676 401 1696 esse
422 1666 627 1707 pulcherrima
647 1666 774 1696 debeat:
798 1675 852 1695 nec
875 1675 937 1694 esse
956 1664 1016 1694 hu-

124 1709 218 1739 mana
233 1709 328 1739 ullam
344 1709 556 1750 pulchriorem.
580 1709 718 1740 Tertiam
734 1708 882 1739 rationem
892 1707 1014 1746 affertis,
