1180 1935
161 88 224 119 424
258 87 320 120 DE
337 88 444 119 NAT.
462 87 598 121 DEOR.
623 88 702 120 Lm.
721 89 786 121 111.
809 88 892 121 CAP.
909 91 960 126 27.

203 174 270 213 Qui
293 174 375 205 illius
398 176 539 206 acerbum
563 185 613 206 cor
636 175 832 214 contundam,
859 182 890 207 et
915 176 1045 217 compri-

332 219 450 248 mam.”

204 285 350 316 XXVII.
374 287 441 317 Nec
462 292 564 317 tamen
586 287 637 317 ille
658 286 722 327 ipse
744 293 787 317 est
808 287 1045 328 praetereundus,

163 328 216 368 qui
232 338 292 358 non
313 336 358 359 sat
377 330 483 360 habuit
504 331 663 369 conjugem
684 330 814 360 illexisse
833 331 865 359 in
886 336 1047 370 stuprum3

162 370 200 401 de
215 381 275 412 quo
290 378 367 402 recte
382 379 410 402 et
426 373 577 402 verissime
592 373 727 412 loquitur
742 373 876 402 Atreus:

208 438 230 454 ‘⁶
243 436 335 474 Quod
351 447 381 467 re
396 437 427 466 in
444 437 566 467 summa
582 447 737 467 summum
753 448 815 467 esse
830 436 957 467 arbitror

205 479 369 517 Periclum,
387 486 497 509 matres
513 480 700 520 coinquinari
716 480 830 520 regia53

206 522 415 561 Contaminari
430 523 553 563 stirpem
566 534 574 558 ;
600 523 755 552 admisceri
770 532 873 562 genus.
877 522 897 535 ”

163 592 209 621 At
232 591 263 621 id
289 591 390 631 ipsum
414 602 507 633 quam
534 591 652 631 callide,
679 592 732 633 qui
755 602 883 632 regnum
904 591 1051 622 adulterio

163 635 327 675 quaereret!

206 702 229 719 ‘⁴
240 701 361 732 Add0”
377 701 503 742 (inquit)
521 702 543 719 ‘⁶
554 702 626 739 huc,
643 700 726 743 quod
740 701 816 732 mihi
831 707 969 743 portento
982 700 1049 732 Coe-

334 745 444 775 lestum
462 745 553 775 Pater

208 786 387 827 Prodigium
402 787 496 825 misit,
513 788 597 828 regni
613 788 783 818 stabilimen
798 786 870 825 mei,

206 830 336 869 Agnum
352 830 429 859 inter
444 831 572 870 pecudes
588 831 678 860 aurea
693 831 809 861 clarum
825 829 911 861 coma

204 872 372 909 Quondam
388 872 555 913 Thyestem
571 874 686 913 clepere
702 883 810 903 ausum
826 883 887 903 esse
902 883 918 902 e
932 872 1033 913 regia:

206 914 280 952 Qua
295 915 326 945 in
341 926 373 946 re
389 915 569 955 adjutricem
585 917 746 957 conjugem
762 916 840 956 cepit
855 915 944 946 sibi.'’

165 984 332 1016 Videturne
347 986 468 1016 summa
482 986 674 1027 improbitate
689 997 761 1016 usus
777 996 837 1016 non
853 985 916 1015 sine
929 983 1051 1015 summa

165 1038 227 1058 esse
242 1029 379 1059 ratione?
413 1030 479 1059 Nec
499 1040 568 1059 vero
588 1039 675 1059 scena
696 1029 794 1059 solum
816 1028 924 1058 referta
945 1034 989 1058 est
1003 1027 1052 1058 his

165 1071 335 1110 sceleribus,
353 1072 403 1102 sed
416 1072 513 1102 multo
525 1072 586 1102 vita
597 1072 766 1102 communis
777 1081 862 1111 paene
873 1070 1049 1110 majoribus.

166 1114 265 1144 Sentit
294 1114 402 1145 domus
430 1115 678 1155 uniuscujusque,
706 1114 796 1144 sentit
819 1113 931 1150 forum,
961 1113 1051 1143 sentit

166 1156 259 1195 curia,
277 1157 424 1198 Campus,
441 1158 522 1206 socii,
540 1157 713 1198 provinciae,
730 1163 775 1194 ut,
792 1155 1051 1196 quemadmodum

166 1200 281 1230 ratione
303 1206 380 1230 recte
400 1201 463 1237 fiat,
486 1201 527 1230 sic
547 1200 660 1230 ratione
678 1206 833 1240 peccetur.
861 1199 1053 1239 alterumque

166 1248 196 1271 et
211 1252 228 1271 a
243 1243 345 1283 paucis
361 1249 389 1273 et
403 1253 489 1277 rar0;
514 1243 643 1273 alterum
663 1248 692 1272 et
713 1253 791 1283 saepe
811 1248 839 1272 et
858 1252 875 1271 a
890 1241 1050 1289 plurimis·
1040 1263 1050 1277 ‚

165 1290 200 1314 ut
215 1285 307 1315 satius
322 1286 412 1315 fuerit
428 1286 545 1315 nullam
561 1285 685 1315 omnino
700 1286 786 1315 nobis
801 1295 819 1314 a
838 1284 934 1314 Diis
926 1294 1053 1314 immor-

166 1327 277 1358 talibus
297 1328 399 1358 datam
421 1339 482 1358 esse
503 1328 660 1366 rationem,
677 1338 770 1368 quam
791 1327 875 1358 tanta
897 1337 966 1357 cum
986 1337 1053 1367 per-

166 1369 242 1400 nicie
260 1370 371 1401 datam.
404 1371 449 1401 Ut
469 1371 575 1401 vinum
597 1371 725 1411 aegrotis,
742 1370 814 1411 quia
834 1370 955 1411 prodest
974 1380 1052 1407 raro,

166 1418 253 1443 nocet
277 1414 448 1454 saepissime,
474 1414 581 1444 melius
605 1420 649 1444 est
670 1423 730 1443 non
753 1413 895 1443 adhibere
916 1412 1051 1449 omnino,

167 1466 272 1496 quam,
289 1467 341 1497 spe
361 1457 461 1486 dubiae
481 1457 596 1495 salutis,
620 1456 651 1486 in
672 1462 807 1496 apertam
828 1455 990 1496 perniciem
1005 1455 1053 1485 in-

168 1509 305 1535 currere;
333 1499 385 1537 sic,
409 1499 491 1529 haud
517 1499 577 1529 scio
600 1509 639 1529 an
662 1499 771 1529 melius
794 1498 895 1536 fuerit,
917 1498 1053 1528 humano

166 1542 268 1581 generi
288 1548 407 1572 motum
429 1542 521 1572 istum
544 1542 670 1572 celerem
693 1541 891 1582 cogitationis,
912 1550 1051 1578 acumen,

167 1584 342 1621 sollertiam,
359 1595 452 1625 quam
473 1584 619 1615 rationem
640 1595 793 1620 vocamus,
810 1583 967 1625 (quoniam
987 1593 1054 1624 pes-

167 1626 254 1656 tifera
269 1627 306 1657 sit
321 1628 437 1666 multis,
453 1624 618 1658 admodum
634 1627 736 1667 paucis
749 1626 900 1663 salutaris)
917 1636 976 1656 non
989 1625 1053 1655 dari

167 1670 304 1706 omnino,
331 1681 424 1711 quam
453 1676 516 1700 tam
545 1670 688 1700 munifice
717 1675 746 1700 et
775 1675 837 1700 tam
866 1670 949 1709 large
978 1668 1051 1697 dari.

168 1712 388 1751 Quamobrem,
420 1713 444 1743 si
474 1722 560 1743 mens
586 1714 785 1753 voluntasque
813 1712 916 1742 divina
944 1711 1053 1741 idcirco

167 1755 319 1786 consuluit
332 1756 517 1795 hominibus,
534 1755 616 1796 quod
637 1755 672 1786 iis
693 1755 801 1796 largita
821 1760 865 1786 est
884 1753 1052 1789 rationem3
