1226 1935
238 87 360 119 TUSC.
377 86 551 126 QUAEST.
569 88 648 119 Lm.
666 88 706 119 V.
719 88 803 119 Car.
816 89 868 118 22.
935 87 998 123 273

107 173 218 214 inquit,
246 176 268 192 “
282 173 440 211 Damocle,
464 175 610 216 quoniam
633 174 698 205 haec
722 181 752 205 te
773 174 835 205 vita
856 173 995 211 delectat,

107 216 171 257 ipse
183 216 319 247 eamdem
329 217 497 258 degustare,
509 224 537 248 et
546 218 699 248 fortunam
710 217 838 258 experiri
848 227 947 247 meam
959 217 997 246 ’.Μ

109 260 189 290 Cum
205 270 236 289 sc
251 259 301 290 ille
316 271 424 301 cupere
439 260 574 298 dixisset,
587 261 724 291 collocari
736 260 826 300 jussit
840 260 996 290 hominem

107 301 138 332 in
162 312 252 332 aureo
276 303 363 341 lecto,
385 310 476 334 strato
500 303 703 344 pulcherrime
727 303 826 333 textili
849 303 994 342 stragulo,

107 345 276 385 magnificis
298 347 437 387 operibus
458 347 557 387 pictog
582 348 749 386 abacosque
764 346 933 386 complures
949 356 997 375 or-.

106 387 189 418 navit
214 396 338 429 argento
363 400 497 431 auroque
524 390 637 420 caelato.
688 389 774 419 Tum
799 389 838 418 ad
858 398 995 418 mensam

106 430 219 461 eximia
245 432 344 462 forma
365 443 473 473 pueros
496 432 624 462 delectos
642 432 731 471 jussit
747 432 915 468 consistere,
933 441 997 461 eos-

106 483 177 514 que,
207 480 318 505 nutum
345 477 409 515 ejus
437 476 600 513 intuentes,
631 475 790 515 diligenter
815 474 995 504 ministrare.

106 516 246 547 Aderant
263 525 429 559 unguenta,
447 529 584 549 coronae:
609 518 847 548 incendebantur
867 517 994 548 odores:

106 569 218 590 mensae
233 561 491 601 conquisitissimis
507 561 603 602 epulis
619 562 860 591 exstruebantur.
885 560 996 590 Fortu-

105 608 194 633 natus
214 603 270 634 sibi
286 603 448 635 Damocles
463 604 629 635 videbatur.
655 604 693 634 In
709 604 765 634 hoc
780 603 881 634 medio
901 613 995 644 appa-

105 651 184 683 ratu,
201 646 369 687 fulgentem
384 648 533 688 gladium,
550 658 565 677 e
580 647 715 678 lacunari
736 647 799 677 seta
814 646 925 687 equina
940 657 995 686 ap-

104 693 184 726 tum,
201 689 319 720 demitti
331 691 432 730 jussit,
449 697 483 721 ut
495 690 682 731 impenderet
692 690 774 720 illius
784 690 864 721 beati
876 689 996 720 cervici-

103 731 170 761 bus.
195 732 304 773 Itaque
319 743 373 764 nec
388 734 529 774 pulchros
544 734 611 764 illos
622 733 839 763 ministratores
850 732 995 773 adspicie-

103 774 166 811 bnt,
183 785 237 805 nec
252 776 378 816 plenum
399 777 470 807 artis
491 783 674 817 argentum;
698 786 753 806 nec
773 786 900 806 manum
925 786 995 816 por-

103 817 219 857 rigebat
239 818 271 848 in
294 829 453 849 mensam:
476 821 541 859 jam
564 820 637 860 ipsae
661 819 835 849 defluebant
855 828 991 849 coronae:

102 860 234 902 denique
254 863 388 893 exoravit
408 868 585 903 tyrannum,
613 868 648 892 ut
671 862 752 892 abire
772 862 885 898 liceret,
912 861 995 902 quod

98 903 165 943 jam
189 905 294 935 beatus
319 906 413 936 nollet
439 916 510 936 esse.
544 906 662 936 Satisne
684 905 803 935 videtur
829 904 995 935 declarasse

101 946 279 988 Dionysius,
308 949 385 978 nihil
404 959 466 979 esse
487 949 514 979 ei
528 950 665 986 beatum,
683 948 731 978 cui
752 958 869 989 semper
885 947 995 988 aliquis

101 995 195 1020 terror
218 990 418 1032 impendeat?
441 992 548 1033 Atque
574 992 601 1022 ei
626 1001 665 1022 ne
687 991 841 1032 integrum
865 990 990 1031 quidem

101 1039 175 1071 erat,
197 1040 232 1063 ut
254 1034 292 1064 ad
307 1035 458 1073 justitiam
478 1035 665 1075 remigraret,
684 1034 798 1064 civibus
818 1034 990 1064 libertatem

100 1081 131 1106 et
149 1077 220 1115 jura
239 1077 383 1108 redderet.
418 1078 461 1108 Iis
476 1079 558 1109 enim
574 1089 615 1115 se,
632 1077 814 1115 adolescens,
831 1077 863 1106 in
878 1077 994 1117 impro-

101 1119 174 1149 vida
189 1125 286 1158 aetate,
312 1121 459 1151 irretierat
485 1121 600 1157 erratis,
628 1131 723 1162 eaque
738 1120 939 1159 commiserat,
957 1126 993 1150 ut

100 1162 201 1193 salvus
216 1173 278 1194 esse
288 1173 348 1194 non
363 1170 473 1205 posset,
490 1165 515 1194 si
529 1174 619 1194 sanus
632 1174 693 1194 esse
705 1164 848 1204 coepisset.

143 1205 258 1236 XXII.
298 1207 494 1248 Quantopere
524 1218 594 1238 vero
623 1206 769 1237 amicitias
799 1205 991 1243 desideraret,

100 1259 231 1289 quarum
248 1249 454 1281 infidelitatem
469 1250 694 1288 extimescebat,
708 1249 870 1280 declaravit
881 1249 912 1278 in
929 1249 993 1290 Py-

101 1291 250 1332 thagoreis
266 1292 384 1324 duobus
398 1294 478 1329 illis;
503 1303 634 1334 quorum
651 1303 721 1323 cum
737 1293 867 1323 alterum
883 1292 991 1322 vadem

99 1335 204 1365 mortis
227 1336 407 1377 accepisset;
431 1337 516 1375 alter,
540 1343 575 1366 ut
601 1335 709 1366 vadem
729 1346 820 1366 suum
840 1335 992 1371 liberaret,

98 1384 207 1419 praesto
219 1377 323 1409 fuisset
335 1379 373 1409 ad
384 1380 490 1410 horam
501 1380 606 1409 mortis
617 1379 796 1410 destinatam
810 1389 819 1414 ;
834 1381 855 1396 ‘⁶
865 1378 993 1409 Utinam

100 1421 190 1461 ego,''
216 1421 327 1462 inquit,
355 1423 498 1453 “tertius
521 1423 605 1453 vobis
628 1422 743 1453 amicus
764 1421 991 1452 adscriberer!”

100 1464 205 1501 Quam
221 1464 292 1495 huic
311 1472 374 1496 erat
388 1465 544 1504 miserum,
561 1476 660 1496 carere
679 1464 894 1496 consuetudine
915 1464 992 1494 ami-

99 1517 216 1544 corum,
240 1508 378 1539 societate
397 1509 502 1546 victus,
523 1519 660 1539 sermone
678 1508 802 1539 omnino
827 1507 990 1537 familiari!

100 1549 218 1580 homini
232 1552 397 1591 praesertim
413 1552 500 1582 docto
515 1563 534 1582 a
554 1562 659 1592 puero,
676 1557 705 1582 et
720 1551 835 1581 artibus
850 1550 992 1590 ingenuis

102 1593 230 1623 erudito.
263 1594 456 1625 Musicorum
479 1605 548 1625 vero
566 1594 789 1635 perstudiosum
806 1593 989 1634 accepimus,

100 1639 222 1676 poetam
236 1637 326 1667 etiam
336 1638 483 1678 tragicum
495 1649 504 1674 ς
527 1648 620 1679 quam
632 1639 759 1675 bonum,
772 1637 849 1666 nihil
861 1636 899 1666 ad
910 1646 973 1666 rem
982 1647 991 1665 :

101 1679 134 1711 in
149 1679 206 1709 hoc
227 1679 307 1710 enim
327 1691 446 1721 genere,
464 1682 562 1711 nescio
583 1691 643 1722 quo
664 1687 762 1721 pacto,
778 1679 876 1719 magis
897 1689 992 1720 quam

101 1722 134 1752 in
149 1721 226 1759 aliis,
244 1733 335 1754 suurn
355 1724 464 1764 cuique
484 1724 648 1765 pulchrum
667 1730 719 1754 est.
758 1722 873 1753 Adhuc
894 1722 992 1752 nemi-

103 1775 173 1796 nem
200 1767 327 1806 cognovi
351 1769 473 1808 poe‘tam
501 1769 544 1802 (et
570 1766 647 1798 mihi
673 1766 732 1797 fuit
756 1775 826 1797 cum
853 1764 991 1806 Aquinio
