1226 1935
191 81 251 111 130
316 76 623 116 TUSC.QUAEST.
641 76 719 109 Lm.
732 76 778 108 11.
794 76 878 108 CAP.
890 77 942 113 27.

187 172 223 196 ut
230 166 280 204 jus
292 175 381 195 suum
391 170 420 194 et
428 164 597 194 libertatem
608 168 751 200 tenerent,
760 163 884 194 vulnera
894 167 1075 203 exceperunt

189 208 315 245 fortiter,
333 213 361 238 et
375 208 529 241 tuleruntt,
554 206 656 243 iidem,
673 206 783 236 omissa
804 207 1003 241 contentione,
1020 205 1074 234 do-

189 252 284 282 lorem
299 250 397 281 morbi
413 251 488 280 ferre
504 260 563 279 non
579 255 712 290 possunt.
747 250 856 289 Neque
872 249 952 279 enim
972 249 1073 284 illum,

190 303 283 335 quem
304 293 389 323 facile
409 294 551 328 tulerant,
571 293 683 322 ratione
699 298 751 322 aut
771 292 915 332 sapientia
932 292 1076 327 tulerant,

192 337 243 367 sed
264 337 363 366 studio
378 336 489 376 potius,
511 342 540 365 et
559 336 664 375 gloria.
690 336 798 375 Itaque
816 335 934 365 barbari
950 334 1075 374 quidam

193 386 223 410 et
240 380 388 409 immanes
408 379 486 409 ferro
506 378 654 408 decertare
669 378 810 408 acerrime
826 384 962 418 possunt,
983 386 1077 416 aegro-

193 428 256 453 tare
285 422 408 452 viriliter
437 431 498 451 non
528 427 653 461 queunt.
679 421 777 450 Graeci
801 426 902 450 autem
926 419 1075 455 homines,

193 475 255 495 non
271 465 340 495 satis
353 464 490 501 animosi,
504 463 676 504 prudentes,
691 469 725 493 ut
737 470 779 493 est
789 469 893 503 captus
905 462 1077 498 hominum,

194 508 276 545 satis,
293 508 408 537 hostem
430 506 580 547 adspicere
598 516 657 535 non
675 512 823 546 possunt;
847 505 937 534 iidem
958 506 1079 535 morbos

194 552 355 581 toleranter
370 556 460 590 atque
475 549 608 578 humane
623 548 732 578 ferunt.
765 548 811 577 At
827 548 943 577 Cimbri
965 553 994 578 et
1009 547 1078 576 Cel-

193 593 282 624 tiberi
302 593 334 622 in
354 592 464 632 proeliis
485 591 659 624 exsultant;
683 592 888 620 lamentantur
905 590 936 619 in
952 591 1078 619 morbo:

195 636 272 666 nihil
284 635 364 665 enim
377 640 474 675 potest
488 644 550 664 esse
566 633 723 674 aequabile,
737 633 819 673 quod
834 643 895 663 non
910 643 928 662 a
943 633 1022 663 certa
1034 643 1081 662 ra-

195 679 277 710 tione
291 678 503 718 proficiscatur.

242 721 312 757 Sed,
329 731 399 750 cum
420 720 530 756 videas,
547 730 607 755 eOS,
621 719 674 759 qui
695 725 748 749 aut
763 719 861 749 studio
876 724 929 749 aut
943 719 1083 759 opinione

197 765 359 799 ducantur,
376 763 406 792 in
423 773 457 792 eo
476 762 682 803 persequendo
702 768 793 802 atque
808 762 1008 802 adipiscendo,
1031 761 1084 792 do-

197 808 261 838 lore
276 817 336 836 non
352 805 471 846 frangi;
495 805 602 835 debeas
618 805 786 835 existimare
802 811 854 834 aut
869 815 928 834 non
944 815 1005 835 esse
1020 815 1087 834 ma-

197 852 265 881 lum
281 850 425 885 dolorem,
447 854 510 884 aut,
533 847 660 883 etiamsi,
682 848 831 888 quidquid
853 858 992 888 asperum
1014 848 1085 877 alie-

199 902 336 933 numque
351 891 460 921 natura
475 891 523 927 sit,
540 891 571 920 id
587 891 730 931 appellari
743 891 861 931 placeat
872 891 1001 925 malum,
1019 896 1086 921 tan-

200 937 301 966 tulum
317 941 418 964 tamen
435 944 506 970 esse,
524 940 558 963 ut
572 944 589 963 a
604 934 713 963 virtute
728 934 770 963 ita
788 934 942 969 obruatur,
959 939 993 963 ut
1015 943 1087 963 nus-

201 989 295 1020 quam
308 983 458 1018 appareat.
483 977 562 1013 Quae
572 976 726 1013 meditare,
741 986 852 1016 quaeso,
865 976 927 1005 dies
938 983 966 1006 et
975 981 1086 1006 noctes.

202 1022 310 1052 Latius
326 1020 406 1050 enim
422 1019 557 1049 manabit
571 1019 635 1048 haec
650 1019 744 1053 ratio;
770 1025 798 1048 et
819 1019 973 1059 aliquanto
991 1020 1088 1058 majo-

201 1075 265 1094 rem
276 1064 388 1099 locum,
403 1073 494 1103 quam
511 1062 548 1092 de
559 1072 620 1091 uno
636 1062 747 1096 dolore,
765 1061 930 1101 occupabit.
956 1062 1050 1098 Nam,
1064 1062 1089 1092 si

202 1107 316 1142 omnia,
333 1105 484 1145 fugiendae
499 1104 694 1145 turpitudinis
709 1104 967 1144 adipiscendaeque
982 1105 1090 1134 hones-

203 1150 274 1180 tatis
289 1149 389 1183 causss,
407 1148 561 1184 faciemus,
573 1157 633 1177 non
649 1147 739 1177 modo
751 1147 888 1177 stimulos
900 1147 1020 1185 doloris,
1038 1148 1089 1178 sed

205 1193 297 1224 etiam
319 1191 450 1221 fulmina
471 1191 610 1224 fortunae,
632 1196 859 1220 contemnamus
880 1190 990 1227 licebit,
1015 1201 1091 1230 prae-

205 1235 307 1267 sertim
321 1245 390 1264 cum
402 1239 542 1274 paratum
555 1233 592 1263 sit
604 1233 680 1262 illud
692 1243 729 1262 ex
741 1233 878 1262 hesterna
890 1233 1091 1274 disputatione

205 1277 390 1320 perfugium.
415 1277 458 1307 Ut
474 1276 566 1313 enim,
583 1276 607 1305 si
622 1276 670 1305 eui
685 1275 850 1315 naviganti,
868 1286 959 1316 quem
975 1277 1091 1316 praedo-

206 1332 258 1351 nes
270 1321 477 1360 insequantur,
490 1319 574 1348 Deus
589 1319 657 1360 quis
669 1318 789 1355 dixerit,
804 1318 889 1358 Ejiee
901 1324 930 1348 te
942 1319 979 1349 de
999 1320 1069 1350 navi
1080 1331 1089 1349 :

206 1369 315 1405 praesto
329 1369 384 1398 est,
407 1362 460 1402 qui
478 1361 616 1402 excipiat,
634 1362 681 1391 vel
701 1361 873 1402 delphinus,
889 1367 924 1391 ut
944 1362 1092 1392 Arionem

209 1406 478 1446 Methyinnaeurne,
503 1405 549 1434 vel
565 1404 635 1445 equi
652 1404 772 1444 Pelopis
794 1405 839 1434 illi
861 1404 1021 1444 Neptunii,
1039 1405 1093 1446 qui

206 1460 260 1491 per
274 1448 370 1479 undas
386 1458 490 1478 currus
511 1457 668 1487 suspensos
688 1447 820 1487 rapuisse
840 1447 992 1484 dicuntur,
1015 1449 1095 1478 exci-

208 1493 292 1534 pient
314 1497 352 1527 te,
378 1497 417 1527 et,
441 1501 501 1531 quo
524 1491 606 1527 velis,
631 1490 802 1530 perferent;
828 1500 949 1520 omnem
972 1491 1093 1521 omittat

206 1536 347 1566 timorem
359 1544 368 1569 ς
386 1533 437 1569 sic,
451 1533 627 1573 urgentibus
637 1533 747 1573 asperis
763 1538 792 1563 et
806 1533 913 1562 odiosis
929 1533 1093 1571 doloribus,

206 1579 231 1609 si
247 1577 322 1608 tanti
337 1576 406 1613 sint,
424 1582 457 1606 ut
478 1576 591 1606 ferendi
611 1586 672 1606 non
693 1576 762 1614 sint,
780 1586 841 1617 quo
861 1575 899 1606 sit
918 1576 1094 1617 confugien-

209 1622 296 1657 dum,
314 1619 404 1649 vides.

251 1664 328 1694 Haec
347 1662 408 1692 fere
427 1661 483 1691 hoc
504 1667 637 1702 tempore
656 1662 761 1702 putavi
782 1672 843 1692 esse
863 1661 997 1692 dicenda.
1033 1663 1092 1693 Sed

207 1714 240 1738 tu
257 1706 378 1736 fortasse
393 1705 424 1734 in
440 1704 586 1735 sententia
600 1715 767 1745 permanes.
791 1705 936 1735 Auditor.
959 1705 1093 1735 Minime

207 1760 295 1783 vero:
319 1758 429 1790 meque
451 1747 544 1780 biduo
568 1747 699 1779 duarum
723 1758 835 1788 rerum,
861 1759 935 1790 quas
958 1748 1093 1779 maxime
