1226 1935
176 65 218 97 92
314 60 376 92 DE
400 60 597 99 FINIBUS,
614 60 693 91 L113.
710 60 752 91 V.
769 59 853 91 CAP.
871 59 923 89 23.

183 149 261 180 nihil
283 154 327 179 est
342 154 406 179 tam
421 148 548 185 illustre,
565 157 619 178 nec
634 146 716 187 quod
730 146 821 177 latius
841 150 952 187 pateat,
978 156 1073 187 quam

185 192 357 232 conjunctio
381 192 457 221 inter
482 191 620 221 homines
642 190 723 220 hom
716 200 814 225 mum,
835 196 864 220 et
886 189 972 230 quasi
990 200 1074 230 quae..

186 236 258 266 dam
274 235 396 265 societas
411 240 441 264 et
452 233 682 263 communicatio
692 233 870 269 utiiitatum,
885 239 913 262 et
925 233 989 273 ipsa
999 234 1074 263 cari-

186 284 232 309 tas
246 278 362 319 generis
378 277 526 307 humani·
518 300 527 312 ,
552 287 631 317 quae,
649 282 719 306 nata
735 287 752 305 a
767 276 865 316 primo
881 282 959 313 satu,
976 287 1037 325 quo
1055 287 1074 307 a.

187 321 425 363 procreatoribus
445 320 509 349 nati
526 319 588 348 (1111
581 325 706 359 runtur,
724 325 752 348 et
768 325 830 349 tota
845 319 953 349 domus
968 321 1073 358 conju-

187 365 238 404 gio
253 370 282 393 et
297 364 387 404 stirpe
402 373 454 392 601
449 363 606 402 jungitur,
623 362 714 402 serpit
730 362 839 391 sensim
858 363 899 393 fui
897 373 947 396 ·,as
965 373 1037 402 cogi
1042 374 1074 392 a-

188 407 321 437 tionibus
337 407 482 447 primuni,
499 411 566 435 tum
582 405 651 434 affu
654 405 761 434 itatibu
764 416 787 441 5,
806 405 913 435 deinde
926 406 1075 443 amicitiis,

189 456 258 491 post
280 449 413 479 vicinitat
415 449 504 484 ibus3
529 453 595 477 tum
617 448 743 484 cuibus,
771 454 800 478 et
824 448 859 477 iis
884 448 936 489 qui
957 449 1079 488 publice

191 493 263 523 socii
292 499 383 532 atque
413 491 502 521 amici
531 497 620 521 sunt·
612 513 621 526 ,
655 491 763 520 deinde
794 491 885 521 totius
915 492 1077 532 complexu

190 535 288 576 gentis
310 535 473 564 humanae:
499 544 568 574 quae
588 533 682 563 animi
703 533 830 569 affectio,
856 545 945 564 5111111
968 534 1079 575 cuique

191 579 338 614 tribuens,
364 584 455 618 atque
478 577 567 612 hanc,
592 586 685 616 quam
709 576 786 613 dico,
813 578 983 607 societatem
1008 587 1079 607 con-

189 621 355 661 junctionis
370 620 512 650 humanae
527 618 670 648 munifice
690 625 719 648 et
742 630 827 659 aeque
845 626 943 657 tuens,
963 621 1081 659 justitia

193 665 322 694 dicitur:
349 663 397 693 cui
417 663 568 702 adjunctae
588 668 659 692 sunt
678 662 784 702 pietas,
804 663 933 699 bonitas,
949 664 1083 694 liberali-

195 713 251 745 tas,
267 706 448 747 benignitas,
467 705 602 743 comitas,
623 715 752 746 quaeque
772 711 843 736 sunt
866 707 982 747 generis
1002 707 1083 746 ejus-

194 750 275 780 dem.

237 793 363 833 Ataque
376 792 441 822 11166
456 790 497 822 ita
510 790 635 830 justitiae
650 791 770 832 propria
785 797 866 829 sunt,
886 798 921 822 ut
941 792 1000 824 sint
1022 794 1083 825 vir-

196 842 300 866 tutum
321 835 507 876 reliquarum
529 835 711 864 communia.
751 835 847 873 Nam,
875 846 944 865 cum
967 837 1008 867 sic
1028 837 1085 868 ho-

197 879 289 908 minis
305 884 413 908 natura
428 883 570 918 generata
584 877 632 913 sit,
657 883 691 907 ut
706 877 816 907 habeat
834 879 980 918 quiddam
1000 880 1089 911 inna-

198 929 267 952 tum
283 921 369 962 quasi
387 921 473 951 civile
491 926 582 960 atque
602 921 749 960 populare
773 921 869 961 (quod
888 922 987 952 Graeci
1008 930 1090 953 πολι-

200 976 277 994 τικον
302 970 435 1001 vocant),
463 963 614 1003 (1111(1(1111(1
640 969 709 1003 aget
734 974 863 1004 quaeque
888 965 992 1013 virtus,
1018 966 1049 996 id
1073 978 1092 998 a

201 1006 428 1044 communitate,
453 1012 482 1036 et
503 1016 549 1041 ca,
572 1016 664 1046 quam
692 1007 829 1055 exposui,
856 1007 978 1038 caritate
1000 1015 1092 1050 atque

202 1050 340 1080 societate
351 1049 499 1087 humanu,
513 1058 573 1078 non
586 1049 777 1079 abhorrebit·
803 1050 994 1092 vicissimque
1002 1053 1092 1091 justi-

202 1093 254 1130 tia,
271 1098 306 1122 ut
320 1092 386 1133 ipsa
400 1102 431 1122 se
446 1091 554 1121 fundet
567 1102 624 1121 usu
640 1091 671 1121 in
688 1098 808 1122 caeteras
823 1093 957 1131 virtutes,
975 1095 1015 1125 sic
1025 1095 1092 1126 illas

204 1141 342 1176 expetet.
367 1135 477 1165 servari
496 1134 577 1164 enim
595 1135 723 1173 justitia,
744 1135 800 1165 nisi
816 1146 834 1165 a
849 1135 917 1166 forti
938 1137 1011 1174 viro,
1034 1139 1092 1168 nisi

203 1189 222 1208 a
233 1178 376 1219 sapiente,
393 1188 453 1207 non
468 1183 575 1217 potest.
610 1177 720 1214 Qualis
736 1184 779 1208 est
794 1178 886 1219 igitur
901 1181 999 1210 omnis
1015 1181 1090 1220 haec,

203 1232 297 1262 quam
313 1221 389 1259 dico,
406 1220 596 1261 conspiratio,
613 1230 833 1261 consensusque
852 1222 1011 1261 virtutum,
1033 1225 1094 1255 tale

205 1270 249 1294 est
264 1264 341 1294 illud
353 1265 453 1304 ipsum
465 1264 625 1293 honestum
639 1274 649 1299 3
674 1264 919 1305 quandoquidem
932 1266 1093 1297 honestum

205 1312 259 1337 aut
281 1307 345 1348 ipsa
360 1307 454 1337 virtus
471 1312 524 1344 est,
541 1312 594 1336 aut
613 1317 659 1336 res
674 1313 757 1347 gesta
772 1308 890 1337 virtute.
923 1309 1045 1346 Quibus
1062 1311 1094 1341 111

205 1351 295 1380 rebus
310 1350 371 1380 vita
386 1350 583 1387 consentiens,
596 1350 817 1391 virtutibusque
829 1352 1020 1391 respondens,
1032 1363 1096 1384 rec-

206 1399 238 1423 ta
253 1400 282 1423 et
296 1393 421 1423 honesta
436 1399 465 1423 et
477 1398 625 1431 constans,
637 1399 666 1423 et
677 1399 793 1424 naturae
802 1403 981 1435 congruens,
993 1396 1095 1427 existi-

207 1436 285 1466 mari
299 1442 405 1477 potest.

251 1480 359 1520 Atque
382 1480 446 1509 haec
469 1479 639 1519 conjunctio
663 1479 858 1520 confusioque
876 1480 1025 1512 virtutum
1049 1488 1095 1513 ta-

208 1533 279 1553 men
289 1533 307 1552 a
308 1491 502 1563 lphilosophis
512 1523 626 1552 ratione
636 1522 767 1563 quadam
777 1523 980 1563 distinguitur.
999 1525 1031 1555 N
1033 1536 1096 1562 am,

209 1576 280 1596 cum
289 1565 331 1595 ita
341 1566 487 1606 copulatae
497 1575 700 1606 connexaeque
711 1572 792 1603 sunt,
801 1572 835 1596 ut
845 1577 948 1597 onmes
958 1569 1099 1600 omnium

209 1608 368 1649 participes
389 1608 458 1645 sint,
475 1618 529 1639 nec
549 1609 609 1638 alia
629 1610 667 1639 ab
688 1609 748 1639 alia
769 1610 862 1650 possit
877 1611 1029 1650 separari;
1053 1617 1100 1642 ta.

211 1661 282 1682 men
298 1651 454 1692 proprium
470 1662 559 1681 suum
576 1652 722 1692 cujusque
737 1662 850 1682 munus
866 1658 920 1689 est,
931 1659 965 1683 ut
980 1653 1100 1684 fortitu-

212 1694 251 1724 do
266 1694 297 1724 in
312 1694 465 1724 laboribus
480 1695 680 1735 periculisque
695 1702 843 1732 cernatur,
861 1698 1100 1736 temperantiain

213 1737 476 1778 praetermittendis
504 1738 721 1779 voluptatibus,
746 1738 907 1780 prudentia
927 1739 959 1769 in
981 1739 1098 1772 delectu
