<?xml version="1.0" encoding="UTF-8"?>
<!DOCTYPE html PUBLIC "-//W3C//DTD XHTML 1.0 Transitional//EN"
    "http://www.w3.org/TR/xhtml1/DTD/xhtml1-transitional.dtd">
<html xmlns="http://www.w3.org/1999/xhtml" xml:lang="en" lang="en">
 <head>
  <title>
</title>
<meta http-equiv="Content-Type" content="text/html;charset=utf-8" />
  <meta name='ocr-system' content='tesseract 3.04.00' />
  <meta name='ocr-capabilities' content='ocr_page ocr_carea ocr_par ocr_line ocrx_word'/>
</head>
<body>
  <div class='ocr_page' id='page_1' title='image "./operaern03ciceuoft_0332.png"; bbox 0 0 1226 1935; ppageno 0'>
   <div class='ocr_carea' id='block_1_1' title="bbox 241 90 1020 123">
    <p class='ocr_par' dir='ltr' id='par_1_1' title="bbox 241 90 1020 123">
     <span class='ocr_line' id='line_1_1' title="bbox 241 90 1020 123; baseline 0 0"><span class='ocrx_word' id='word_1_1' title='bbox 241 92 305 123; x_wconf 68' lang='grc'>318</span> <span class='ocrx_word' id='word_1_2' title='bbox 350 91 411 122; x_wconf 90' lang='lat' dir='ltr'>DE</span> <span class='ocrx_word' id='word_1_3' title='bbox 429 91 537 122; x_wconf 86' lang='lat' dir='ltr'><strong>NAT.</strong></span> <span class='ocrx_word' id='word_1_4' title='bbox 554 90 692 122; x_wconf 89' lang='lat' dir='ltr'><strong>DEOR.</strong></span> <span class='ocrx_word' id='word_1_5' title='bbox 718 90 797 121; x_wconf 78' lang='lat' dir='ltr'>Lm.</span> <span class='ocrx_word' id='word_1_6' title='bbox 816 91 842 122; x_wconf 86' lang='grc' dir='ltr'>Ι.</span> <span class='ocrx_word' id='word_1_7' title='bbox 868 91 951 123; x_wconf 79' lang='lat' dir='ltr'>CAP.</span> <span class='ocrx_word' id='word_1_8' title='bbox 968 94 1020 123; x_wconf 82' lang='lat'>26.</span> 
     </span>
    </p>
   </div>
   <div class='ocr_carea' id='block_1_2' title="bbox 230 177 1129 1811">
    <p class='ocr_par' dir='ltr' id='par_1_2' title="bbox 235 177 1129 734">
     <span class='ocr_line' id='line_1_2' title="bbox 237 177 1123 220; baseline 0.003 -12"><span class='ocrx_word' id='word_1_9' title='bbox 237 178 342 208; x_wconf 84' lang='lat' dir='ltr'>rium:</span> <span class='ocrx_word' id='word_1_10' title='bbox 367 184 465 208; x_wconf 85' lang='lat' dir='ltr'>totum</span> <span class='ocrx_word' id='word_1_11' title='bbox 488 177 556 216; x_wconf 85' lang='lat' dir='ltr'>hoc,</span> <span class='ocrx_word' id='word_1_12' title='bbox 573 181 627 207; x_wconf 69' lang='lat' dir='ltr'>aust</span> <span class='ocrx_word' id='word_1_13' title='bbox 648 179 752 216; x_wconf 74' lang='lat' dir='ltr'>etiam,</span> <span class='ocrx_word' id='word_1_14' title='bbox 766 182 820 208; x_wconf 68' lang='lat' dir='ltr'>aar</span> <span class='ocrx_word' id='word_1_15' title='bbox 835 189 906 215; x_wconf 75' lang='lat' dir='ltr'>non,</span> <span class='ocrx_word' id='word_1_16' title='bbox 923 179 1045 220; x_wconf 84' lang='lat' dir='ltr'>negavit</span> <span class='ocrx_word' id='word_1_17' title='bbox 1060 190 1123 211; x_wconf 87' lang='lat' dir='ltr'>esse</span> 
     </span>
     <span class='ocr_line' id='line_1_3' title="bbox 237 220 1127 269; baseline 0.002 -18"><span class='ocrx_word' id='word_1_18' title='bbox 237 221 448 251; x_wconf 82' lang='lat' dir='ltr'>necessarium.</span> <span class='ocrx_word' id='word_1_19' title='bbox 472 220 545 258; x_wconf 80' lang='lat' dir='ltr'>Quo</span> <span class='ocrx_word' id='word_1_20' title='bbox 564 220 638 261; x_wconf 90' lang='lat' dir='ltr'>quid</span> <span class='ocrx_word' id='word_1_21' title='bbox 654 221 712 251; x_wconf 89' lang='lat' dir='ltr'>dici</span> <span class='ocrx_word' id='word_1_22' title='bbox 728 227 825 269; x_wconf 83' lang='lat' dir='ltr'>potest</span> <span class='ocrx_word' id='word_1_23' title='bbox 840 222 996 252; x_wconf 75' lang='lat' dir='ltr'>obtusius.</span> <span class='ocrx_word' id='word_1_24' title='bbox 989 224 1002 244; x_wconf 71' lang='lat'>‘2</span> <span class='ocrx_word' id='word_1_25' title='bbox 1027 223 1127 262; x_wconf 81' lang='lat' dir='ltr'>Urge-</span> 
     </span>
     <span class='ocr_line' id='line_1_4' title="bbox 236 264 1129 304; baseline 0.001 -10"><span class='ocrx_word' id='word_1_26' title='bbox 236 265 289 294; x_wconf 86' lang='lat' dir='ltr'>bat</span> <span class='ocrx_word' id='word_1_27' title='bbox 304 264 456 294; x_wconf 84' lang='lat' dir='ltr'><strong>Arcesilas</strong></span> <span class='ocrx_word' id='word_1_28' title='bbox 472 264 638 301; x_wconf 88' lang='lat' dir='ltr'>Zenonem,</span> <span class='ocrx_word' id='word_1_29' title='bbox 655 274 725 294; x_wconf 92' lang='lat' dir='ltr'>cum</span> <span class='ocrx_word' id='word_1_30' title='bbox 746 264 810 304; x_wconf 88' lang='lat' dir='ltr'>ipse</span> <span class='ocrx_word' id='word_1_31' title='bbox 830 264 906 294; x_wconf 86' lang='lat' dir='ltr'>falsa</span> <span class='ocrx_word' id='word_1_32' title='bbox 926 265 1028 295; x_wconf 86' lang='lat' dir='ltr'>omnia</span> <span class='ocrx_word' id='word_1_33' title='bbox 1049 265 1129 295; x_wconf 87' lang='lat' dir='ltr'>dice-</span> 
     </span>
     <span class='ocr_line' id='line_1_5' title="bbox 236 307 1127 347; baseline 0.001 -10"><span class='ocrx_word' id='word_1_34' title='bbox 236 312 292 343; x_wconf 85' lang='lat' dir='ltr'>ret,</span> <span class='ocrx_word' id='word_1_35' title='bbox 306 318 374 347; x_wconf 84' lang='lat' dir='ltr'>quae</span> <span class='ocrx_word' id='word_1_36' title='bbox 390 307 525 337; x_wconf 85' lang='lat' dir='ltr'>sensibus</span> <span class='ocrx_word' id='word_1_37' title='bbox 538 307 731 337; x_wconf 90' lang='lat' dir='ltr'>viderentur·</span> <span class='ocrx_word' id='word_1_38' title='bbox 722 329 731 342; x_wconf 77' lang='grc'>,</span> <span class='ocrx_word' id='word_1_39' title='bbox 757 307 840 337; x_wconf 87' lang='lat' dir='ltr'>Zeno</span> <span class='ocrx_word' id='word_1_40' title='bbox 851 314 965 345; x_wconf 88' lang='lat' dir='ltr'>autem,</span> <span class='ocrx_word' id='word_1_41' title='bbox 978 309 1127 338; x_wconf 87' lang='lat' dir='ltr'>nonnulla</span> 
     </span>
     <span class='ocr_line' id='line_1_6' title="bbox 238 350 1128 391; baseline 0.001 -11"><span class='ocrx_word' id='word_1_42' title='bbox 238 350 301 380; x_wconf 87' lang='lat' dir='ltr'>visa</span> <span class='ocrx_word' id='word_1_43' title='bbox 316 361 379 380; x_wconf 91' lang='lat' dir='ltr'>esse</span> <span class='ocrx_word' id='word_1_44' title='bbox 394 350 480 387; x_wconf 83' lang='lat' dir='ltr'>falsa,</span> <span class='ocrx_word' id='word_1_45' title='bbox 498 360 558 379; x_wconf 91' lang='lat' dir='ltr'>non</span> <span class='ocrx_word' id='word_1_46' title='bbox 575 350 686 379; x_wconf 87' lang='lat' dir='ltr'>omnia.</span> <span class='ocrx_word' id='word_1_47' title='bbox 722 350 843 380; x_wconf 82' lang='lat' dir='ltr'>Timuit</span> <span class='ocrx_word' id='word_1_48' title='bbox 856 351 1019 391; x_wconf 87' lang='lat' dir='ltr'>Epicurus,</span> <span class='ocrx_word' id='word_1_49' title='bbox 1037 361 1086 388; x_wconf 90' lang='lat' dir='ltr'>ne,</span> <span class='ocrx_word' id='word_1_50' title='bbox 1103 351 1128 381; x_wconf 88' lang='lat' dir='ltr'>si</span> 
     </span>
     <span class='ocr_line' id='line_1_7' title="bbox 237 392 1126 430; baseline 0.001 -8"><span class='ocrx_word' id='word_1_51' title='bbox 237 403 336 422; x_wconf 91' lang='lat' dir='ltr'>unum</span> <span class='ocrx_word' id='word_1_52' title='bbox 366 393 465 423; x_wconf 87' lang='lat' dir='ltr'>visum</span> <span class='ocrx_word' id='word_1_53' title='bbox 490 398 565 422; x_wconf 82' lang='lat' dir='ltr'>esset</span> <span class='ocrx_word' id='word_1_54' title='bbox 589 392 712 428; x_wconf 79' lang='lat' dir='ltr'>falsum,</span> <span class='ocrx_word' id='word_1_55' title='bbox 744 393 865 423; x_wconf 87' lang='lat' dir='ltr'>nullum</span> <span class='ocrx_word' id='word_1_56' title='bbox 893 399 968 423; x_wconf 81' lang='lat' dir='ltr'>esset</span> <span class='ocrx_word' id='word_1_57' title='bbox 998 404 1102 423; x_wconf 91' lang='lat' dir='ltr'>verum</span> <span class='ocrx_word' id='word_1_58' title='bbox 1116 405 1126 430; x_wconf 83' lang='lat'>;</span> 
     </span>
     <span class='ocr_line' id='line_1_8' title="bbox 236 435 1129 473; baseline 0.001 -8"><span class='ocrx_word' id='word_1_59' title='bbox 236 446 341 466; x_wconf 85' lang='lat' dir='ltr'>omnes</span> <span class='ocrx_word' id='word_1_60' title='bbox 356 446 459 466; x_wconf 88' lang='lat' dir='ltr'>sensus</span> <span class='ocrx_word' id='word_1_61' title='bbox 474 436 536 466; x_wconf 83' lang='lat' dir='ltr'>veri</span> <span class='ocrx_word' id='word_1_62' title='bbox 552 435 673 465; x_wconf 83' lang='lat' dir='ltr'>nuntios</span> <span class='ocrx_word' id='word_1_63' title='bbox 697 435 774 465; x_wconf 80' lang='lat' dir='ltr'>dixit</span> <span class='ocrx_word' id='word_1_64' title='bbox 795 446 865 466; x_wconf 86' lang='lat' dir='ltr'>esse.</span> <span class='ocrx_word' id='word_1_65' title='bbox 899 436 988 466; x_wconf 85' lang='lat' dir='ltr'>Nihil</span> <span class='ocrx_word' id='word_1_66' title='bbox 1006 436 1129 473; x_wconf 89' lang='lat' dir='ltr'>horum,</span> 
     </span>
     <span class='ocr_line' id='line_1_9' title="bbox 237 478 1129 520; baseline 0.001 -12"><span class='ocrx_word' id='word_1_67' title='bbox 237 479 295 509; x_wconf 87' lang='lat' dir='ltr'>nisi</span> <span class='ocrx_word' id='word_1_68' title='bbox 308 479 435 509; x_wconf 86' lang='lat' dir='ltr'>callide:</span> <span class='ocrx_word' id='word_1_69' title='bbox 460 478 629 517; x_wconf 77' lang='lat' dir='ltr'>graviorem</span> <span class='ocrx_word' id='word_1_70' title='bbox 656 478 737 507; x_wconf 88' lang='lat' dir='ltr'>enim</span> <span class='ocrx_word' id='word_1_71' title='bbox 757 478 881 519; x_wconf 85' lang='lat' dir='ltr'>plagam</span> <span class='ocrx_word' id='word_1_72' title='bbox 902 479 1076 520; x_wconf 78' lang='lat' dir='ltr'>accipiebat,</span> <span class='ocrx_word' id='word_1_73' title='bbox 1093 486 1129 509; x_wconf 82' lang='lat' dir='ltr'>ut</span> 
     </span>
     <span class='ocr_line' id='line_1_10' title="bbox 235 521 1125 562; baseline 0.001 -11"><span class='ocrx_word' id='word_1_74' title='bbox 235 521 380 551; x_wconf 87' lang='lat' dir='ltr'>leviorem</span> <span class='ocrx_word' id='word_1_75' title='bbox 396 521 561 562; x_wconf 88' lang='lat' dir='ltr'>repelleret.</span> <span class='ocrx_word' id='word_1_76' title='bbox 602 521 688 551; x_wconf 83' lang='lat' dir='ltr'><strong>Idem</strong></span> <span class='ocrx_word' id='word_1_77' title='bbox 704 521 775 550; x_wconf 86' lang='lat' dir='ltr'>facit</span> <span class='ocrx_word' id='word_1_78' title='bbox 793 521 824 551; x_wconf 92' lang='lat' dir='ltr'>in</span> <span class='ocrx_word' id='word_1_79' title='bbox 846 522 955 551; x_wconf 67' lang='lat' dir='ltr'>natura</span> <span class='ocrx_word' id='word_1_80' title='bbox 976 522 1125 553; x_wconf 82' lang='lat' dir='ltr'>Deorum.</span> 
     </span>
     <span class='ocr_line' id='line_1_11' title="bbox 235 563 1129 605; baseline 0.001 -11"><span class='ocrx_word' id='word_1_81' title='bbox 235 563 324 594; x_wconf 87' lang='lat' dir='ltr'>Dum</span> <span class='ocrx_word' id='word_1_82' title='bbox 340 564 566 594; x_wconf 82' lang='lat' dir='ltr'>individuorum</span> <span class='ocrx_word' id='word_1_83' title='bbox 582 574 742 604; x_wconf 89' lang='lat' dir='ltr'>corporum</span> <span class='ocrx_word' id='word_1_84' title='bbox 753 564 971 594; x_wconf 86' lang='lat' dir='ltr'>concretionem</span> <span class='ocrx_word' id='word_1_85' title='bbox 986 565 1076 605; x_wconf 80' lang='lat' dir='ltr'>fugit,</span> <span class='ocrx_word' id='word_1_86' title='bbox 1090 576 1129 596; x_wconf 87' lang='lat' dir='ltr'>ne</span> 
     </span>
     <span class='ocr_line' id='line_1_12' title="bbox 235 607 1128 649; baseline 0.001 -12"><span class='ocrx_word' id='word_1_87' title='bbox 235 607 374 637; x_wconf 85' lang='lat' dir='ltr'>interitus</span> <span class='ocrx_word' id='word_1_88' title='bbox 390 613 419 637; x_wconf 89' lang='lat' dir='ltr'>et</span> <span class='ocrx_word' id='word_1_89' title='bbox 434 607 588 647; x_wconf 78' lang='lat' dir='ltr'>dissipatio</span> <span class='ocrx_word' id='word_1_90' title='bbox 604 613 816 647; x_wconf 70' lang='lat' dir='ltr'>consequatur,</span> <span class='ocrx_word' id='word_1_91' title='bbox 833 613 922 647; x_wconf 87' lang='lat' dir='ltr'>negat</span> <span class='ocrx_word' id='word_1_92' title='bbox 938 618 1000 638; x_wconf 87' lang='lat' dir='ltr'>esse</span> <span class='ocrx_word' id='word_1_93' title='bbox 1019 618 1128 649; x_wconf 88' lang='lat' dir='ltr'>corpus</span> 
     </span>
     <span class='ocr_line' id='line_1_13' title="bbox 235 649 1129 691; baseline 0.001 -11"><span class='ocrx_word' id='word_1_94' title='bbox 235 649 386 687; x_wconf 87' lang='lat' dir='ltr'>Deorum,</span> <span class='ocrx_word' id='word_1_95' title='bbox 404 650 455 680; x_wconf 86' lang='lat' dir='ltr'>sed</span> <span class='ocrx_word' id='word_1_96' title='bbox 471 656 629 690; x_wconf 84' lang='lat' dir='ltr'>tamquam</span> <span class='ocrx_word' id='word_1_97' title='bbox 645 660 751 690; x_wconf 86' lang='lat' dir='ltr'>corpus</span> <span class='ocrx_word' id='word_1_98' title='bbox 765 661 774 687; x_wconf 81' lang='lat'>3</span> <span class='ocrx_word' id='word_1_99' title='bbox 799 660 854 681; x_wconf 89' lang='lat' dir='ltr'>nec</span> <span class='ocrx_word' id='word_1_100' title='bbox 869 651 1059 691; x_wconf 85' lang='lat' dir='ltr'>sanguinem,</span> <span class='ocrx_word' id='word_1_101' title='bbox 1077 651 1129 682; x_wconf 87' lang='lat' dir='ltr'>sed</span> 
     </span>
     <span class='ocr_line' id='line_1_14' title="bbox 237 693 601 734; baseline -0.003 -11"><span class='ocrx_word' id='word_1_102' title='bbox 237 699 396 734; x_wconf 75' lang='lat' dir='ltr'>tamquam</span> <span class='ocrx_word' id='word_1_103' title='bbox 412 693 601 733; x_wconf 72' lang='lat' dir='ltr'>sanguinem.</span> 
     </span>
    </p>

    <p class='ocr_par' dir='ltr' id='par_1_3' title="bbox 230 736 1128 1811">
     <span class='ocr_line' id='line_1_15' title="bbox 277 736 1124 777; baseline 0.002 -12"><span class='ocrx_word' id='word_1_104' title='bbox 277 736 406 766; x_wconf 89' lang='lat' dir='ltr'>XXVI.</span> <span class='ocrx_word' id='word_1_105' title='bbox 431 736 577 766; x_wconf 78' lang='lat' dir='ltr'>Mirabile</span> <span class='ocrx_word' id='word_1_106' title='bbox 597 736 727 773; x_wconf 78' lang='lat' dir='ltr'>videtur,</span> <span class='ocrx_word' id='word_1_107' title='bbox 748 736 830 777; x_wconf 88' lang='lat' dir='ltr'>quod</span> <span class='ocrx_word' id='word_1_108' title='bbox 845 747 906 767; x_wconf 86' lang='lat' dir='ltr'>non</span> <span class='ocrx_word' id='word_1_109' title='bbox 922 737 1016 767; x_wconf 84' lang='lat' dir='ltr'>rideat</span> <span class='ocrx_word' id='word_1_110' title='bbox 1030 737 1124 768; x_wconf 89' lang='lat' dir='ltr'>haru-</span> 
     </span>
     <span class='ocr_line' id='line_1_16' title="bbox 236 779 1128 821; baseline 0 -11"><span class='ocrx_word' id='word_1_111' title='bbox 236 790 322 820; x_wconf 84' lang='lat' dir='ltr'>spex,</span> <span class='ocrx_word' id='word_1_112' title='bbox 339 790 409 810; x_wconf 87' lang='lat' dir='ltr'>cum</span> <span class='ocrx_word' id='word_1_113' title='bbox 424 779 616 819; x_wconf 85' lang='lat' dir='ltr'>haruspicem</span> <span class='ocrx_word' id='word_1_114' title='bbox 628 779 744 809; x_wconf 85' lang='lat' dir='ltr'>viderit.</span> <span class='ocrx_word' id='word_1_115' title='bbox 770 780 839 810; x_wconf 91' lang='lat' dir='ltr'>Hoc</span> <span class='ocrx_word' id='word_1_116' title='bbox 850 780 1031 817; x_wconf 81' lang='lat' dir='ltr'>mirabilius,</span> <span class='ocrx_word' id='word_1_117' title='bbox 1045 781 1128 821; x_wconf 90' lang='lat' dir='ltr'>quod</span> 
     </span>
     <span class='ocr_line' id='line_1_17' title="bbox 235 823 1127 862; baseline 0.001 -10"><span class='ocrx_word' id='word_1_118' title='bbox 235 833 287 853; x_wconf 92' lang='lat' dir='ltr'>vos</span> <span class='ocrx_word' id='word_1_119' title='bbox 302 823 380 852; x_wconf 86' lang='lat' dir='ltr'>inter</span> <span class='ocrx_word' id='word_1_120' title='bbox 394 833 446 853; x_wconf 92' lang='lat' dir='ltr'>vos</span> <span class='ocrx_word' id='word_1_121' title='bbox 461 823 555 852; x_wconf 89' lang='lat' dir='ltr'>risum</span> <span class='ocrx_word' id='word_1_122' title='bbox 577 828 677 852; x_wconf 90' lang='lat' dir='ltr'>tenere</span> <span class='ocrx_word' id='word_1_123' title='bbox 698 823 825 862; x_wconf 84' lang='lat' dir='ltr'>possitis.</span> <span class='ocrx_word' id='word_1_124' title='bbox 861 826 882 840; x_wconf 73' lang='lat'>‘⁶</span> <span class='ocrx_word' id='word_1_125' title='bbox 900 823 972 853; x_wconf 87' lang='lat' dir='ltr'>Non</span> <span class='ocrx_word' id='word_1_126' title='bbox 995 830 1039 853; x_wconf 92' lang='lat' dir='ltr'>est</span> <span class='ocrx_word' id='word_1_127' title='bbox 1063 833 1127 853; x_wconf 90' lang='lat' dir='ltr'>cor-</span> 
     </span>
     <span class='ocr_line' id='line_1_18' title="bbox 233 865 1127 907; baseline 0.001 -12"><span class='ocrx_word' id='word_1_128' title='bbox 233 876 303 906; x_wconf 84' lang='lat' dir='ltr'>pus,</span> <span class='ocrx_word' id='word_1_129' title='bbox 330 866 381 895; x_wconf 89' lang='lat' dir='ltr'>sed</span> <span class='ocrx_word' id='word_1_130' title='bbox 405 865 492 907; x_wconf 85' lang='lat' dir='ltr'>quasi</span> <span class='ocrx_word' id='word_1_131' title='bbox 516 866 656 906; x_wconf 85' lang='lat' dir='ltr'>corpus.&#39;&#39;</span> <span class='ocrx_word' id='word_1_132' title='bbox 695 865 764 896; x_wconf 92' lang='lat' dir='ltr'>Hoc</span> <span class='ocrx_word' id='word_1_133' title='bbox 793 866 1006 905; x_wconf 73' lang='lat' dir='ltr'>intelligerem,</span> <span class='ocrx_word' id='word_1_134' title='bbox 1037 867 1127 907; x_wconf 86' lang='lat' dir='ltr'>quale</span> 
     </span>
     <span class='ocr_line' id='line_1_19' title="bbox 233 908 1124 949; baseline 0 -10"><span class='ocrx_word' id='word_1_135' title='bbox 233 915 319 945; x_wconf 85' lang='lat' dir='ltr'>esset,</span> <span class='ocrx_word' id='word_1_136' title='bbox 337 909 361 939; x_wconf 90' lang='lat' dir='ltr'>si</span> <span class='ocrx_word' id='word_1_137' title='bbox 376 909 407 938; x_wconf 92' lang='lat' dir='ltr'>id</span> <span class='ocrx_word' id='word_1_138' title='bbox 422 909 453 938; x_wconf 90' lang='lat' dir='ltr'>in</span> <span class='ocrx_word' id='word_1_139' title='bbox 470 909 543 939; x_wconf 89' lang='lat' dir='ltr'>ceris</span> <span class='ocrx_word' id='word_1_140' title='bbox 558 908 732 949; x_wconf 85' lang='lat' dir='ltr'>fingeretur,</span> <span class='ocrx_word' id='word_1_141' title='bbox 755 914 809 939; x_wconf 84' lang='lat' dir='ltr'>aut</span> <span class='ocrx_word' id='word_1_142' title='bbox 832 909 974 939; x_wconf 88' lang='lat' dir='ltr'>fictilibus</span> <span class='ocrx_word' id='word_1_143' title='bbox 998 909 1103 949; x_wconf 83' lang='lat' dir='ltr'>figuris</span> <span class='ocrx_word' id='word_1_144' title='bbox 1115 921 1124 939; x_wconf 68' lang='grc' dir='ltr'>ι</span> 
     </span>
     <span class='ocr_line' id='line_1_20' title="bbox 231 952 1127 993; baseline 0 -12"><span class='ocrx_word' id='word_1_145' title='bbox 231 952 264 982; x_wconf 82' lang='grc'>111</span> <span class='ocrx_word' id='word_1_146' title='bbox 282 952 349 982; x_wconf 91' lang='lat' dir='ltr'>Deo</span> <span class='ocrx_word' id='word_1_147' title='bbox 365 952 439 993; x_wconf 87' lang='lat' dir='ltr'>quid</span> <span class='ocrx_word' id='word_1_148' title='bbox 455 952 492 982; x_wconf 84' lang='lat' dir='ltr'>sit</span> <span class='ocrx_word' id='word_1_149' title='bbox 508 952 594 992; x_wconf 87' lang='lat' dir='ltr'>quasi</span> <span class='ocrx_word' id='word_1_150' title='bbox 610 963 728 992; x_wconf 87' lang='lat' dir='ltr'>corpus,</span> <span class='ocrx_word' id='word_1_151' title='bbox 745 957 798 981; x_wconf 87' lang='lat' dir='ltr'>aut</span> <span class='ocrx_word' id='word_1_152' title='bbox 813 952 900 993; x_wconf 83' lang='lat' dir='ltr'>quasi</span> <span class='ocrx_word' id='word_1_153' title='bbox 920 953 1054 992; x_wconf 76' lang='lat' dir='ltr'>sanguis,</span> <span class='ocrx_word' id='word_1_154' title='bbox 1080 952 1127 982; x_wconf 85' lang='lat' dir='ltr'>in-</span> 
     </span>
     <span class='ocr_line' id='line_1_21' title="bbox 234 995 1128 1035; baseline -0.001 -10"><span class='ocrx_word' id='word_1_155' title='bbox 234 995 370 1035; x_wconf 86' lang='lat' dir='ltr'>telligere</span> <span class='ocrx_word' id='word_1_156' title='bbox 397 1005 457 1025; x_wconf 86' lang='lat' dir='ltr'>non</span> <span class='ocrx_word' id='word_1_157' title='bbox 483 1005 625 1035; x_wconf 89' lang='lat' dir='ltr'>possum:</span> <span class='ocrx_word' id='word_1_158' title='bbox 651 1005 689 1025; x_wconf 91' lang='lat' dir='ltr'>ne</span> <span class='ocrx_word' id='word_1_159' title='bbox 712 1000 745 1025; x_wconf 88' lang='lat' dir='ltr'>tu</span> <span class='ocrx_word' id='word_1_160' title='bbox 769 995 904 1035; x_wconf 86' lang='lat' dir='ltr'>quidem,</span> <span class='ocrx_word' id='word_1_161' title='bbox 929 995 1049 1025; x_wconf 85' lang='lat' dir='ltr'>Vellei:</span> <span class='ocrx_word' id='word_1_162' title='bbox 1075 995 1128 1025; x_wconf 86' lang='lat' dir='ltr'>sed</span> 
     </span>
     <span class='ocr_line' id='line_1_22' title="bbox 234 1038 1128 1078; baseline 0 -10"><span class='ocrx_word' id='word_1_163' title='bbox 234 1048 296 1068; x_wconf 92' lang='lat' dir='ltr'>non</span> <span class='ocrx_word' id='word_1_164' title='bbox 313 1038 357 1068; x_wconf 89' lang='lat' dir='ltr'>vis</span> <span class='ocrx_word' id='word_1_165' title='bbox 372 1038 467 1068; x_wconf 84' lang='lat' dir='ltr'>fateri.</span> <span class='ocrx_word' id='word_1_166' title='bbox 494 1038 557 1068; x_wconf 85' lang='lat' dir='ltr'>Ista</span> <span class='ocrx_word' id='word_1_167' title='bbox 572 1038 653 1068; x_wconf 88' lang='lat' dir='ltr'>enim</span> <span class='ocrx_word' id='word_1_168' title='bbox 678 1049 696 1068; x_wconf 92' lang='lat' dir='ltr'>a</span> <span class='ocrx_word' id='word_1_169' title='bbox 716 1039 800 1068; x_wconf 89' lang='lat' dir='ltr'>vobis</span> <span class='ocrx_word' id='word_1_170' title='bbox 822 1038 908 1078; x_wconf 84' lang='lat' dir='ltr'>quasi</span> <span class='ocrx_word' id='word_1_171' title='bbox 929 1038 1039 1068; x_wconf 82' lang='lat' dir='ltr'>dictata</span> <span class='ocrx_word' id='word_1_172' title='bbox 1060 1038 1128 1068; x_wconf 87' lang='lat' dir='ltr'>red-</span> 
     </span>
     <span class='ocr_line' id='line_1_23' title="bbox 232 1081 1128 1121; baseline 0.001 -11"><span class='ocrx_word' id='word_1_173' title='bbox 232 1081 359 1118; x_wconf 84' lang='lat' dir='ltr'>duntur,</span> <span class='ocrx_word' id='word_1_174' title='bbox 377 1092 445 1121; x_wconf 80' lang='lat' dir='ltr'>quae</span> <span class='ocrx_word' id='word_1_175' title='bbox 460 1081 612 1121; x_wconf 88' lang='lat' dir='ltr'>Epicurus</span> <span class='ocrx_word' id='word_1_176' title='bbox 627 1081 754 1111; x_wconf 85' lang='lat' dir='ltr'>oscitans</span> <span class='ocrx_word' id='word_1_177' title='bbox 769 1081 973 1111; x_wconf 82' lang='lat' dir='ltr'>hallucinatus</span> <span class='ocrx_word' id='word_1_178' title='bbox 989 1088 1043 1118; x_wconf 86' lang='lat' dir='ltr'>est,</span> <span class='ocrx_word' id='word_1_179' title='bbox 1058 1092 1128 1111; x_wconf 91' lang='lat' dir='ltr'>cum</span> 
     </span>
     <span class='ocr_line' id='line_1_24' title="bbox 233 1124 1127 1165; baseline 0.002 -12"><span class='ocrx_word' id='word_1_180' title='bbox 233 1124 359 1165; x_wconf 87' lang='lat' dir='ltr'>quidem</span> <span class='ocrx_word' id='word_1_181' title='bbox 374 1124 552 1164; x_wconf 84' lang='lat' dir='ltr'>gloriaretur</span> <span class='ocrx_word' id='word_1_182' title='bbox 569 1127 617 1157; x_wconf 91' lang='lat' dir='ltr'>(ut</span> <span class='ocrx_word' id='word_1_183' title='bbox 639 1124 776 1154; x_wconf 86' lang='lat' dir='ltr'>videmus</span> <span class='ocrx_word' id='word_1_184' title='bbox 797 1124 829 1153; x_wconf 92' lang='grc'>111</span> <span class='ocrx_word' id='word_1_185' title='bbox 851 1124 992 1164; x_wconf 86' lang='lat' dir='ltr'>scriptis),</span> <span class='ocrx_word' id='word_1_186' title='bbox 1010 1135 1040 1154; x_wconf 88' lang='lat' dir='ltr'>se</span> <span class='ocrx_word' id='word_1_187' title='bbox 1061 1135 1127 1155; x_wconf 88' lang='lat' dir='ltr'>ma-</span> 
     </span>
     <span class='ocr_line' id='line_1_25' title="bbox 233 1167 1126 1208; baseline 0 -11"><span class='ocrx_word' id='word_1_188' title='bbox 233 1168 363 1208; x_wconf 84' lang='lat' dir='ltr'>gistrum</span> <span class='ocrx_word' id='word_1_189' title='bbox 379 1168 519 1197; x_wconf 82' lang='lat' dir='ltr'>habuisse</span> <span class='ocrx_word' id='word_1_190' title='bbox 533 1167 675 1197; x_wconf 88' lang='lat' dir='ltr'>nullum:</span> <span class='ocrx_word' id='word_1_191' title='bbox 701 1167 794 1208; x_wconf 84' lang='lat' dir='ltr'>quod,</span> <span class='ocrx_word' id='word_1_192' title='bbox 818 1173 845 1196; x_wconf 67' lang='lat' dir='ltr'>ct</span> <span class='ocrx_word' id='word_1_193' title='bbox 863 1177 920 1196; x_wconf 63' lang='lat' dir='ltr'>non</span> <span class='ocrx_word' id='word_1_194' title='bbox 938 1168 1126 1206; x_wconf 69' lang='lat' dir='ltr'>praedicanti,</span> 
     </span>
     <span class='ocr_line' id='line_1_26' title="bbox 234 1210 1127 1251; baseline -0.001 -11"><span class='ocrx_word' id='word_1_195' title='bbox 234 1219 337 1241; x_wconf 88' lang='lat' dir='ltr'>tamen</span> <span class='ocrx_word' id='word_1_196' title='bbox 359 1210 445 1240; x_wconf 83' lang='lat' dir='ltr'>facile</span> <span class='ocrx_word' id='word_1_197' title='bbox 466 1210 590 1251; x_wconf 89' lang='lat' dir='ltr'>quidem</span> <span class='ocrx_word' id='word_1_198' title='bbox 613 1210 784 1245; x_wconf 85' lang='lat' dir='ltr'>crederem;</span> <span class='ocrx_word' id='word_1_199' title='bbox 810 1211 885 1240; x_wconf 68' lang='lat' dir='ltr'>sicut</span> <span class='ocrx_word' id='word_1_200' title='bbox 909 1210 983 1239; x_wconf 76' lang='lat' dir='ltr'>maii</span> <span class='ocrx_word' id='word_1_201' title='bbox 1008 1211 1127 1240; x_wconf 79' lang='lat' dir='ltr'>aedificii</span> 
     </span>
     <span class='ocr_line' id='line_1_27' title="bbox 233 1253 1126 1293; baseline -0.001 -10"><span class='ocrx_word' id='word_1_202' title='bbox 233 1253 358 1283; x_wconf 83' lang='lat' dir='ltr'>domino</span> <span class='ocrx_word' id='word_1_203' title='bbox 373 1253 526 1293; x_wconf 80' lang='lat' dir='ltr'>glorianti,</span> <span class='ocrx_word' id='word_1_204' title='bbox 543 1264 574 1283; x_wconf 85' lang='lat' dir='ltr'>se</span> <span class='ocrx_word' id='word_1_205' title='bbox 588 1254 784 1283; x_wconf 80' lang='lat' dir='ltr'>architectum</span> <span class='ocrx_word' id='word_1_206' title='bbox 801 1263 860 1283; x_wconf 89' lang='lat' dir='ltr'>non</span> <span class='ocrx_word' id='word_1_207' title='bbox 882 1253 1032 1283; x_wconf 78' lang='lat' dir='ltr'>habuisse.</span> <span class='ocrx_word' id='word_1_208' title='bbox 1067 1264 1078 1283; x_wconf 85' lang='grc'>1</span> <span class='ocrx_word' id='word_1_209' title='bbox 1088 1254 1126 1283; x_wconf 65' lang='grc' dir='ltr'>Τ1.-</span> 
     </span>
     <span class='ocr_line' id='line_1_28' title="bbox 233 1296 1126 1336; baseline 0.001 -10"><span class='ocrx_word' id='word_1_210' title='bbox 233 1296 278 1326; x_wconf 83' lang='lat' dir='ltr'>hil</span> <span class='ocrx_word' id='word_1_211' title='bbox 294 1297 375 1326; x_wconf 88' lang='lat' dir='ltr'>enim</span> <span class='ocrx_word' id='word_1_212' title='bbox 391 1297 451 1326; x_wconf 82' lang='lat' dir='ltr'>olet</span> <span class='ocrx_word' id='word_1_213' title='bbox 466 1307 503 1327; x_wconf 82' lang='lat' dir='ltr'>ex</span> <span class='ocrx_word' id='word_1_214' title='bbox 519 1296 700 1333; x_wconf 67' lang='lat' dir='ltr'>Academia,</span> <span class='ocrx_word' id='word_1_215' title='bbox 717 1296 794 1326; x_wconf 87' lang='lat' dir='ltr'>nihil</span> <span class='ocrx_word' id='word_1_216' title='bbox 810 1307 847 1326; x_wconf 82' lang='lat' dir='ltr'>ex</span> <span class='ocrx_word' id='word_1_217' title='bbox 867 1296 979 1336; x_wconf 83' lang='lat' dir='ltr'>Lyceo,</span> <span class='ocrx_word' id='word_1_218' title='bbox 996 1296 1073 1326; x_wconf 87' lang='grc'><strong>1111111</strong></span> <span class='ocrx_word' id='word_1_219' title='bbox 1088 1307 1126 1327; x_wconf 87' lang='lat' dir='ltr'>ne</span> 
     </span>
     <span class='ocr_line' id='line_1_29' title="bbox 233 1339 1126 1380; baseline -0.001 -10"><span class='ocrx_word' id='word_1_220' title='bbox 233 1350 249 1370; x_wconf 92' lang='lat' dir='ltr'>e</span> <span class='ocrx_word' id='word_1_221' title='bbox 271 1339 439 1380; x_wconf 86' lang='lat' dir='ltr'>puerilibus</span> <span class='ocrx_word' id='word_1_222' title='bbox 462 1339 586 1380; x_wconf 92' lang='lat' dir='ltr'>quidem</span> <span class='ocrx_word' id='word_1_223' title='bbox 603 1339 777 1380; x_wconf 87' lang='lat' dir='ltr'>disciplinis.</span> <span class='ocrx_word' id='word_1_224' title='bbox 802 1339 1005 1369; x_wconf 78' lang='lat' dir='ltr'>Xenocratem</span> <span class='ocrx_word' id='word_1_225' title='bbox 1022 1339 1126 1369; x_wconf 86' lang='lat' dir='ltr'>audire</span> 
     </span>
     <span class='ocr_line' id='line_1_30' title="bbox 232 1382 1126 1423; baseline 0 -11"><span class='ocrx_word' id='word_1_226' title='bbox 232 1382 332 1423; x_wconf 87' lang='lat' dir='ltr'>potuit</span> <span class='ocrx_word' id='word_1_227' title='bbox 345 1394 353 1412; x_wconf 91' lang='lat'>:</span> <span class='ocrx_word' id='word_1_228' title='bbox 379 1393 470 1423; x_wconf 86' lang='lat' dir='ltr'>quem</span> <span class='ocrx_word' id='word_1_229' title='bbox 487 1382 586 1412; x_wconf 86' lang='lat' dir='ltr'>virum</span> <span class='ocrx_word' id='word_1_230' title='bbox 601 1383 608 1412; x_wconf 77' lang='grc' dir='ltr'>ῐ</span> <span class='ocrx_word' id='word_1_231' title='bbox 638 1382 692 1412; x_wconf 92' lang='lat' dir='ltr'>Dii</span> <span class='ocrx_word' id='word_1_232' title='bbox 704 1382 889 1412; x_wconf 87' lang='lat' dir='ltr'>immortales</span> <span class='ocrx_word' id='word_1_233' title='bbox 904 1382 911 1411; x_wconf 88' lang='lat'>!</span> <span class='ocrx_word' id='word_1_234' title='bbox 938 1389 966 1412; x_wconf 88' lang='lat' dir='ltr'>et</span> <span class='ocrx_word' id='word_1_235' title='bbox 976 1389 1058 1419; x_wconf 87' lang='lat' dir='ltr'>sunt,</span> <span class='ocrx_word' id='word_1_236' title='bbox 1072 1383 1126 1423; x_wconf 88' lang='lat' dir='ltr'>qui</span> 
     </span>
     <span class='ocr_line' id='line_1_31' title="bbox 232 1425 1125 1466; baseline -0.001 -11"><span class='ocrx_word' id='word_1_237' title='bbox 232 1431 342 1466; x_wconf 85' lang='lat' dir='ltr'>putent</span> <span class='ocrx_word' id='word_1_238' title='bbox 357 1425 524 1455; x_wconf 88' lang='lat' dir='ltr'>audivisse:</span> <span class='ocrx_word' id='word_1_239' title='bbox 549 1426 613 1466; x_wconf 85' lang='lat' dir='ltr'>ipse</span> <span class='ocrx_word' id='word_1_240' title='bbox 628 1436 689 1455; x_wconf 90' lang='lat' dir='ltr'>non</span> <span class='ocrx_word' id='word_1_241' title='bbox 705 1426 780 1456; x_wconf 90' lang='lat' dir='ltr'>vult.</span> <span class='ocrx_word' id='word_1_242' title='bbox 805 1425 903 1455; x_wconf 77' lang='lat' dir='ltr'>Credo</span> <span class='ocrx_word' id='word_1_243' title='bbox 918 1426 987 1466; x_wconf 91' lang='lat' dir='ltr'>plus</span> <span class='ocrx_word' id='word_1_244' title='bbox 1000 1426 1125 1456; x_wconf 84' lang='lat' dir='ltr'>nemini.</span> 
     </span>
     <span class='ocr_line' id='line_1_32' title="bbox 233 1468 1127 1509; baseline 0.001 -11"><span class='ocrx_word' id='word_1_245' title='bbox 233 1469 435 1509; x_wconf 86' lang='lat' dir='ltr'>Pamphilum</span> <span class='ocrx_word' id='word_1_246' title='bbox 456 1469 634 1509; x_wconf 85' lang='lat' dir='ltr'>quemdam,</span> <span class='ocrx_word' id='word_1_247' title='bbox 652 1468 789 1498; x_wconf 86' lang='lat' dir='ltr'>Platonis</span> <span class='ocrx_word' id='word_1_248' title='bbox 805 1468 985 1505; x_wconf 82' lang='lat' dir='ltr'>auditorem,</span> <span class='ocrx_word' id='word_1_249' title='bbox 1002 1468 1044 1498; x_wconf 84' lang='lat' dir='ltr'>ait</span> <span class='ocrx_word' id='word_1_250' title='bbox 1064 1479 1082 1498; x_wconf 90' lang='lat' dir='ltr'>a</span> <span class='ocrx_word' id='word_1_251' title='bbox 1096 1480 1127 1499; x_wconf 86' lang='lat' dir='ltr'>se</span> 
     </span>
     <span class='ocr_line' id='line_1_33' title="bbox 234 1511 1126 1542; baseline 0 -1"><span class='ocrx_word' id='word_1_252' title='bbox 234 1512 319 1542; x_wconf 86' lang='lat' dir='ltr'>Sami</span> <span class='ocrx_word' id='word_1_253' title='bbox 334 1511 496 1541; x_wconf 86' lang='lat' dir='ltr'>auditum:</span> <span class='ocrx_word' id='word_1_254' title='bbox 521 1512 564 1541; x_wconf 87' lang='lat' dir='ltr'>ibi</span> <span class='ocrx_word' id='word_1_255' title='bbox 589 1512 670 1542; x_wconf 90' lang='lat' dir='ltr'>enim</span> <span class='ocrx_word' id='word_1_256' title='bbox 692 1511 862 1542; x_wconf 81' lang='lat' dir='ltr'>adolescens</span> <span class='ocrx_word' id='word_1_257' title='bbox 882 1511 1039 1541; x_wconf 83' lang='lat' dir='ltr'>habitabat</span> <span class='ocrx_word' id='word_1_258' title='bbox 1055 1522 1126 1542; x_wconf 88' lang='lat' dir='ltr'>cum</span> 
     </span>
     <span class='ocr_line' id='line_1_34' title="bbox 230 1554 1126 1596; baseline 0 -12"><span class='ocrx_word' id='word_1_259' title='bbox 230 1561 316 1596; x_wconf 87' lang='lat' dir='ltr'>patre</span> <span class='ocrx_word' id='word_1_260' title='bbox 337 1560 366 1584; x_wconf 91' lang='lat' dir='ltr'>et</span> <span class='ocrx_word' id='word_1_261' title='bbox 387 1554 541 1592; x_wconf 81' lang='lat' dir='ltr'>fratribus,</span> <span class='ocrx_word' id='word_1_262' title='bbox 559 1555 640 1596; x_wconf 90' lang='lat' dir='ltr'>quod</span> <span class='ocrx_word' id='word_1_263' title='bbox 665 1555 696 1584; x_wconf 94' lang='lat' dir='ltr'>in</span> <span class='ocrx_word' id='word_1_264' title='bbox 719 1565 785 1585; x_wconf 88' lang='lat' dir='ltr'>eam</span> <span class='ocrx_word' id='word_1_265' title='bbox 805 1560 890 1595; x_wconf 83' lang='lat' dir='ltr'>pater</span> <span class='ocrx_word' id='word_1_266' title='bbox 911 1555 975 1594; x_wconf 90' lang='lat' dir='ltr'>ejus</span> <span class='ocrx_word' id='word_1_267' title='bbox 996 1555 1126 1585; x_wconf 85' lang='lat' dir='ltr'>Neocles</span> 
     </span>
     <span class='ocr_line' id='line_1_35' title="bbox 232 1598 1125 1638; baseline -0.001 -10"><span class='ocrx_word' id='word_1_268' title='bbox 232 1598 368 1638; x_wconf 85' lang='lat' dir='ltr'>agripeta</span> <span class='ocrx_word' id='word_1_269' title='bbox 382 1604 512 1627; x_wconf 87' lang='lat' dir='ltr'>venerat.</span> <span class='ocrx_word' id='word_1_270' title='bbox 546 1598 617 1635; x_wconf 77' lang='lat' dir='ltr'>Sed,</span> <span class='ocrx_word' id='word_1_271' title='bbox 640 1609 708 1628; x_wconf 84' lang='lat' dir='ltr'>cum</span> <span class='ocrx_word' id='word_1_272' title='bbox 733 1598 849 1638; x_wconf 80' lang='lat' dir='ltr'>agellus</span> <span class='ocrx_word' id='word_1_273' title='bbox 871 1608 942 1627; x_wconf 89' lang='lat' dir='ltr'>eum</span> <span class='ocrx_word' id='word_1_274' title='bbox 966 1607 1026 1627; x_wconf 88' lang='lat' dir='ltr'>non</span> <span class='ocrx_word' id='word_1_275' title='bbox 1055 1598 1125 1628; x_wconf 81' lang='lat' dir='ltr'>satis</span> 
     </span>
     <span class='ocr_line' id='line_1_36' title="bbox 233 1640 1124 1681; baseline 0 -10"><span class='ocrx_word' id='word_1_276' title='bbox 233 1642 336 1677; x_wconf 84' lang='lat' dir='ltr'>aleret,</span> <span class='ocrx_word' id='word_1_277' title='bbox 354 1646 388 1670; x_wconf 91' lang='lat' dir='ltr'>ut</span> <span class='ocrx_word' id='word_1_278' title='bbox 403 1641 520 1681; x_wconf 80' lang='lat' dir='ltr'>opinor,</span> <span class='ocrx_word' id='word_1_279' title='bbox 536 1641 746 1681; x_wconf 77' lang='lat' dir='ltr'>ludimagister</span> <span class='ocrx_word' id='word_1_280' title='bbox 763 1641 830 1670; x_wconf 82' lang='lat' dir='ltr'>fuit.</span> <span class='ocrx_word' id='word_1_281' title='bbox 870 1641 929 1671; x_wconf 77' lang='lat' dir='ltr'>Sed</span> <span class='ocrx_word' id='word_1_282' title='bbox 950 1640 1033 1671; x_wconf 89' lang='lat' dir='ltr'>hunc</span> <span class='ocrx_word' id='word_1_283' title='bbox 1053 1641 1124 1671; x_wconf 84' lang='lat' dir='ltr'>Pla-</span> 
     </span>
     <span class='ocr_line' id='line_1_37' title="bbox 235 1684 1124 1724; baseline 0 -11"><span class='ocrx_word' id='word_1_284' title='bbox 235 1684 371 1714; x_wconf 81' lang='lat' dir='ltr'>tonicum</span> <span class='ocrx_word' id='word_1_285' title='bbox 398 1684 524 1714; x_wconf 85' lang='lat' dir='ltr'>mirifice</span> <span class='ocrx_word' id='word_1_286' title='bbox 548 1684 714 1714; x_wconf 88' lang='lat' dir='ltr'>contemnit</span> <span class='ocrx_word' id='word_1_287' title='bbox 740 1684 913 1724; x_wconf 85' lang='lat' dir='ltr'>Epicurus:</span> <span class='ocrx_word' id='word_1_288' title='bbox 939 1684 981 1714; x_wconf 86' lang='lat' dir='ltr'>ita</span> <span class='ocrx_word' id='word_1_289' title='bbox 1003 1684 1124 1721; x_wconf 87' lang='lat' dir='ltr'>metuit,</span> 
     </span>
     <span class='ocr_line' id='line_1_38' title="bbox 234 1727 1126 1768; baseline -0.001 -11"><span class='ocrx_word' id='word_1_290' title='bbox 234 1737 273 1757; x_wconf 87' lang='lat' dir='ltr'>ne</span> <span class='ocrx_word' id='word_1_291' title='bbox 288 1727 362 1768; x_wconf 89' lang='lat' dir='ltr'>quid</span> <span class='ocrx_word' id='word_1_292' title='bbox 378 1737 515 1767; x_wconf 86' lang='lat' dir='ltr'>unquam</span> <span class='ocrx_word' id='word_1_293' title='bbox 531 1727 669 1757; x_wconf 87' lang='lat' dir='ltr'>didicisse</span> <span class='ocrx_word' id='word_1_294' title='bbox 684 1727 830 1757; x_wconf 83' lang='lat' dir='ltr'>videatur.</span> <span class='ocrx_word' id='word_1_295' title='bbox 870 1727 908 1757; x_wconf 93' lang='lat' dir='ltr'>In</span> <span class='ocrx_word' id='word_1_296' title='bbox 926 1727 1126 1767; x_wconf 82' lang='lat' dir='ltr'>Nausiphane</span> 
     </span>
     <span class='ocr_line' id='line_1_39' title="bbox 236 1770 1127 1811; baseline 0 -11"><span class='ocrx_word' id='word_1_297' title='bbox 236 1770 430 1802; x_wconf 79' lang='lat' dir='ltr'>Democriteo</span> <span class='ocrx_word' id='word_1_298' title='bbox 446 1776 583 1807; x_wconf 74' lang='lat' dir='ltr'>tenetur-3</span> <span class='ocrx_word' id='word_1_299' title='bbox 609 1781 701 1811; x_wconf 84' lang='lat' dir='ltr'>quem</span> <span class='ocrx_word' id='word_1_300' title='bbox 717 1781 787 1802; x_wconf 88' lang='lat' dir='ltr'>cum</span> <span class='ocrx_word' id='word_1_301' title='bbox 803 1781 821 1801; x_wconf 83' lang='lat' dir='ltr'>a</span> <span class='ocrx_word' id='word_1_302' title='bbox 836 1782 867 1802; x_wconf 74' lang='lat' dir='ltr'>sc</span> <span class='ocrx_word' id='word_1_303' title='bbox 882 1780 942 1800; x_wconf 85' lang='lat' dir='ltr'>non</span> <span class='ocrx_word' id='word_1_304' title='bbox 965 1776 1054 1811; x_wconf 77' lang='lat' dir='ltr'>neget</span> <span class='ocrx_word' id='word_1_305' title='bbox 1075 1781 1127 1800; x_wconf 85' lang='lat' dir='ltr'>au-</span> 
     </span>
    </p>
   </div>
   <div class='ocr_carea' id='block_1_3' title="bbox 1219 1326 1226 1828">
    <p class='ocr_par' dir='ltr' id='par_1_4' title="bbox 1219 1326 1226 1828">
     <span class='ocr_line' id='line_1_40' title="bbox 1219 1326 1226 1828; baseline 0 0"><span class='ocrx_word' id='word_1_306' title='bbox 1219 1326 1226 1828; x_wconf 95' lang='lat' dir='ltr'> </span> 
     </span>
    </p>
   </div>
  </div>
 </body>
</html>
